2888 4770
646 311 847 407 9-8-

186 511 332 588 liberas';
356 514 440 579 Triu.
459 514 536 579 713:
557 510 610 580 ‘Si
632 514 706 580 mihi
730 519 888 594 uxortua,
911 521 946 580 ut
962 535 1019 598 ego
1035 533 1167 597 aequom
1186 535 1307 596 censeo,

186 614 232 680 ite
254 619 386 698 nuptum
409 616 502 682 datur
524 617 591 685 siue
614 616 714 693 dote’;
737 617 819 685 Meu.
835 619 913 683 986:
937 613 1127 702 ‘Postquam
1150 620 1181 684 iu
1205 621 1309 685 taber·

188 737 259 784 nam
292 737 367 785 vasa
398 726 430 786 et
463 739 570 786 servos
599 720 771 801 conlocavi,
805 723 1020 802 notesceret,
1054 722 1100 786 ita
1132 722 1222 788 venio
1255 721 1311 786 ad·

187 819 341 886 vorsum'.

629 950 741 1028 Amph.
762 949 823 1011 633
831 969 873 1027 sq.

228 1061 309 1121 Satin
330 1079 418 1137 parva
438 1079 482 1123 res
502 1065 546 1124 est
566 1064 741 1139 uoluptatum
762 1063 791 1122 in
812 1063 975 1139 niteatque
996 1063 1024 1121 in
1045 1065 1136 1124 aetate
1156 1063 1277 1138 agenda,

228 1157 387 1229 Praequam
407 1157 482 1230 quod
504 1156 698 1218 molestumst?
732 1159 778 1218 Ita
797 1159 918 1234 quoique
939 1159 1148 1233 conparatumst
1168 1157 1198 1216 in
1219 1159 1311 1217 aetate

1057 1253 1209 1327 hominum,

228 1345 272 1403 Ite
293 1344 336 1404 dis
357 1348 402 1404 est
421 1345 567 1421 placitum,
588 1347 760 1421 voluptatem
781 1350 813 1408 ut
831 1364 940 1408 maeror
961 1363 1052 1408 comes
1073 1349 1268 1423 consequatur.

276 1455 327 1522 Sic
349 1455 423 1521 libri
445 1456 650 1539 manuscripti
673 1477 782 1523 versus
806 1459 962 1524 exhibent.
1000 1457 1062 1524 Sed
1085 1477 1154 1524 cum
1176 1466 1312 1524 metrum

190 1559 221 1623 in
245 1577 293 1622 vv.
311 1558 382 1622 634.
406 1558 467 1624 635
492 1578 553 1625 uon
576 1564 676 1626 staret
698 1566 729 1624 et
752 1578 860 1625 versus
884 1567 915 1626 et
942 1559 996 1643 qui
1023 1560 1183 1642 praecedit
1206 1560 1313 1641 etqui

191 1667 367 1740 sequuntur
388 1663 570 1730 bacchiacos
593 1681 663 1730 esse
686 1668 868 1746 appareret,
897 1663 1096 1729 Hermannus
1119 1682 1224 1729 vocem
1247 1685 1314 1727 coo-

188 1773 342 1848 peratum
364 1764 505 1831 Reizium
529 1773 655 1832 secutus
676 1765 717 1830 ad
732 1765 847 1831 calcem
864 1784 973 1831 versus
989 1767 1098 1831 reiecit
1113 1773 1145 1830 et
1159 1766 1190 1830 in
1206 1785 1233 1831 v.
1251 1765 1312 1830 635

187 1863 431 1954 ‘conplacitum’
456 1868 597 1951 scripsit,
629 1887 722 1951 quam
752 1869 877 1951 quidem
905 1869 1071 1934 lectionem
1093 1868 1314 1936 Fleckeisenus

192 1968 352 2052 amplexus
376 1976 433 2036 est,
478 1971 632 2051 Equidem
655 1971 772 2036 leniore
799 1989 875 2036 usus
906 1972 1122 2038 emendatione
1150 1971 1183 2036 in
1206 1991 1234 2036 v.
1252 1970 1313 2035 635

192 2093 248 2158 pro
271 2076 320 2138 ito
342 2076 450 2162 itaque
466 2073 644 2157 scripserim
667 2072 788 2140 collatis
810 2093 859 2138 vv.
876 2074 988 2157 Amph.
1005 2075 1081 2139 762:
1110 2071 1246 2141 <Verum
1269 2071 1315 2138 ita

193 2179 349 2245 animatus
371 2177 415 2243 fui
438 2178 544 2257 itaque
566 2195 648 2242 nunc
677 2195 762 2256 sum,
790 2183 826 2243 ut
854 2196 892 2242 ea
921 2183 952 2242 te
979 2183 1089 2259 patera
1116 2175 1253 2255 donem',
1284 2182 1316 2242 et

193 2282 284 2346 Truc.
302 2281 347 2358 ll,
372 2279 406 2359 3,
430 2279 517 2361 26³⁶).
563 2278 630 2344 Nisi
653 2278 734 2343 forte
756 2279 887 2361 produci
915 2280 1012 2344 mavis
1039 2281 1244 2362 posteriorem
1267 2278 1317 2341 ira

194 2385 279 2450 vocis
301 2381 464 2466 syllabam,
488 2400 581 2464 qnam
605 2379 780 2463 antiquitus
802 2377 926 2462 longam
949 2381 1045 2447 fuisse
1068 2382 1235 2447 verisimile
1257 2388 1314 2461 est,

194 2487 309 2571 quippe
332 2503 395 2568 qua
417 2484 642 2550 terminaretur
664 2482 834 2558 ablativus;
858 2485 947 2549 cuius
968 2485 1092 2566 quidem
1115 2486 1161 2551 rei
1185 2484 1317 2566 vestigia

192 2606 345 2670 apparere
367 2587 514 2652 videntur
536 2584 568 2650 iu
591 2603 685 2650 versu
707 2585 761 2651 illo
784 2583 933 2651 Saturnio
956 2588 1009 2668 qui
1032 2588 1062 2652 iu
1092 2589 1316 2670 epigrammate

193 2691 304 2756 Naevii
326 2689 409 2771 apud
433 2687 568 2754 Gellium
583 2686 609 2764 1,
625 2688 711 2766 242
734 2686 851 2770 legitur
873 2688 925 2771 (cf.
941 2687 1083 2768 derasen,
1109 2692 1241 2772 Ausspr.
1256 2689 1316 2767 11²,

194 2793 270 2877 454)
295 2791 379 2858 etin
403 2791 525 2873 eaptiv.
549 2811 576 2854 v.
593 2791 656 2854 499
669 2791 736 2869 Bu,
766 2793 819 2872 qui
842 2797 1025 2857 constater
1055 2792 1208 2858 bacchiis:
1235 2788 1318 2858 ‘Ubi

194 2897 326 2979 quisque
349 2896 465 2970 vident,
491 2894 496 2979 Ι
523 2894 610 2959 Eunt
631 2894 753 2960 obviam
776 2893 1038 2977 gratulanturque
1054 2913 1122 2961 eam
1139 2915 1213 2962 rem.
1238 2896 1244 2978 Ι
1268 2895 1318 2960 ltt

195 3021 244 3067 me
277 2999 424 3066 miserdm
459 2998 651 3079 restitando,
684 2997 847 3065 retinendo
877 2998 882 3083 1
916 2998 1049 3064 Lassdm
1084 2995 1316 3077 reddiderunt',

195 3103 428 3188 (Fleckeisenus
450 3124 532 3166 oenc
554 3121 660 3168 vocem
683 3108 755 3185 post
773 3103 820 3165 ita
837 3100 1017 3184 supplevit),
1042 3099 1101 3166 nisi
1117 3101 1175 3166 hoc
1191 3120 1316 3187 quoque

195 3206 272 3286 loco,
297 3225 365 3272 eum
390 3224 451 3271 non
474 3204 552 3270 satis
575 3210 697 3270 constet
716 3198 862 3269 Plautum
885 3204 933 3266 ira
956 3204 1143 3286 particulam
1166 3204 1319 3287 producta

198 3309 311 3376 ultima
333 3308 523 3384 adhibuisse,
546 3308 654 3394 itaque
677 3304 815 3373 scribere
838 3313 987 3388 praestat,
1011 3307 1102 3389 quale
1124 3307 1230 3392 itaque
1244 3305 1319 3388 legi-

196 3419 249 3478 tur
263 3413 294 3476 in
311 3430 359 3475 vv.
376 3410 441 3476 Mil.
457 3411 517 3475 106
526 3429 588 3492 sq.:
605 3408 747 3493 ‘Occepit
762 3408 830 3476 eins
846 3412 938 3476 matri
954 3408 1172 3493 suppalparier
1194 3410 1265 3475 vino
1278 3445 1319 3455 -

195 3516 304 3596 itaque
331 3513 487 3578 intumum
517 3514 560 3580 ibi
588 3532 622 3578 se
652 3512 741 3578 miles
768 3513 852 3596 apud
886 3513 988 3578 lenum
1016 3509 1115 3592 fecit';
1151 3513 1231 3576 Rud.
1248 3512 1319 3590 589,

196 3614 267 3681 Aul.
290 3616 370 3694 412,
401 3615 452 3681 Ps.
478 3617 575 3694 1279,
604 3614 681 3682 Lab.
709 3615 746 3681 fr.
771 3633 796 3681 c.
818 3615 873 3695 27,
904 3614 1010 3680 Afran.
1039 3614 1077 3679 fr.
1101 3634 1127 3680 c.
1150 3615 1221 3678 110.
1248 3615 1318 3678 196.

198 3741 401 3752 ,-————-

265 3788 288 3852 ⁸)
306 3785 435 3854 Reliquos
453 3786 526 3840 locos
543 3785 572 3838 iu
590 3784 686 3854 quibus
704 3784 796 3853 itaque
814 3783 956 3851 invenitur,
974 3783 1021 3838 ubi
1032 3785 1181 3839 sententiae
1194 3784 1275 3840 elicui
1291 3784 1320 3838 in

198 3886 252 3940 qua
271 3869 310 3923 ita
327 3869 426 3939 legitur
443 3869 529 3924 altero
547 3869 700 3946 adnectitur
717 3869 840 3924 similiter
857 3869 980 3941 formata,
998 3868 1082 3924 addo:
1106 3873 1179 3925 Pers.
1193 3872 1259 3928 781:
1277 3870 1321 3924 Ita

197 3973 239 4010 me
253 3956 363 4010 Toxilus
381 3955 573 4024 perlebricevit
585 3955 677 4024 itaque
688 3971 776 4010 meam
787 3970 844 4009 rem
857 3955 999 4010 direxerit.
1029 3955 1071 4010 Ps.
1088 3959 1153 4011 1254
1162 3955 1203 4010 Fl.
1222 3954 1321 4024 Amph.

197 4041 264 4111 prol.
279 4046 318 4096 16.
344 4040 422 4096 Truc.
440 4041 484 4109 ll,
502 4045 534 4110 6,
552 4045 593 4095 45.
616 4041 679 4096 dist.
697 4041 740 4109 11,
762 4045 789 4108 1,
808 4044 841 4096 36
851 4056 890 4109 sq.
915 4041 992 4110 Oept.
1005 4042 1063 4097 676.
1081 4043 1140 4097 878.
1164 4039 1247 4096 Andr.
1261 4043 1321 4096 550.
1424 4041 1426 4043 ’

200 4126 266 4183 Heu.
279 4130 337 4182 206.
355 4128 414 4183 579.
434 4129 492 4184 604.
