2888 4770
704 322 745 384 26

158 526 269 592 Thaidi
286 545 323 593 ea
338 525 514 607 renuntiet;
535 527 591 593 s'ed
614 531 777 609 praestare
793 529 900 591 oenset
915 523 1018 604 ipsum
1034 543 1069 591 se
1084 541 1154 590 oum
1165 521 1286 587 Thaide

158 628 254 712 loqui.

245 749 341 816 Stich.
358 750 435 814 701:
462 745 554 817 ‘Uter
582 749 712 817 amicam
737 748 844 816 utrubi
866 747 1112 815 adeumbamus?
1134 746 1149 830 ΙΙ
1167 745 1228 812 Abi
1249 751 1286 811 tu

160 869 235 916 saue
258 853 409 932 superior.
433 859 528 934 atque
552 851 630 916 adeo
653 858 689 916 ut
705 858 740 917 tu
755 850 837 917 seire
859 849 971 932 possis,
993 857 1085 933 pacto
1101 868 1159 932 ego
1181 854 1285 914 tecum

160 953 218 1019 hoc
246 953 365 1020 divido:
396 954 467 1019 vide
495 959 598 1018 utram
627 953 685 1019 tihi
714 953 801 1019 lubet
829 952 924 1018 etiam
948 973 1029 1020 nune
1051 971 1178 1036 capere,
1209 971 1287 1034 cape

159 1051 380 1135 provinciam';
416 1057 474 1122 hoo
504 1063 567 1121 est:
598 1049 746 1122 ‘concedo
780 1055 836 1121 tibi
870 1073 931 1120 non
963 1057 1063 1121 solum
1091 1055 1285 1138 superiorem

160 1158 248 1224 abire
270 1158 326 1224 sed
348 1158 443 1224 etiam
466 1176 580 1240 capere
603 1156 796 1240 provinciam
819 1162 923 1222 utram
946 1156 1004 1221 tihi
1026 1154 1139 1223 lubet'.

244 1279 300 1344 Ph.
317 1279 393 1344 389:
422 1280 582 1346 Phormio:
606 1273 688 1343 ‘Non
705 1277 791 1344 dieo:
814 1277 904 1359 quasi
926 1293 988 1342 non
1010 1276 1112 1343 nossis
1136 1275 1287 1359 (nomen),

160 1386 354 1464 temptatum¹
370 1382 499 1448 advenis
521 1380 536 1464 ΙΙ
554 1380 724 1463 Demipho:
760 1379 829 1461 Ego
857 1386 963 1446 autem
993 1379 1134 1460 tempto?
1153 1379 1168 1460 ΙΙ
1188 1377 1285 1445 Geta:

160 1482 260 1565 Stilpo
282 1485 297 1566 ΙΙ
317 1485 457 1551 Phorm:
492 1486 595 1567 Atque
617 1484 697 1550 adeo
718 1484 793 1563 quid
816 1483 909 1548 mea?
936 1479 1094 1564 Stilpost’.
1138 1480 1285 1547 Phormio

160 1587 292 1652 nominis
315 1589 431 1655 oblitus
454 1587 691 1669 Demiphontem
707 1585 850 1669 ignarum
869 1603 904 1650 se
918 1581 1037 1668 fingere
1059 1585 1144 1660 dicit
1166 1589 1202 1648 ut
1223 1583 1286 1650 sibi

160 1688 283 1754 illudat.
329 1687 391 1754 Sed
418 1694 584 1771 postquam
612 1707 650 1754 ex
679 1686 761 1752 Geta
787 1703 899 1752 nomeu
930 1688 1065 1768 excepit,
1099 1704 1181 1752 nunc
1208 1686 1285 1752 iam:

154 1786 276 1856 ‘Potest
298 1809 366 1856 esso
388 1794 425 1856 ut
447 1810 507 1857 non
531 1795 674 1873 temptes,
698 1791 809 1872 inquit
833 1796 929 1871 atque
951 1789 1031 1855 adeo
1046 1787 1123 1871 quid
1145 1806 1215 1853 mea
1237 1807 1287 1854 re·

159 1890 221 1957 fert
244 1892 331 1975 (uum
355 1893 528 1976 temptes)?
549 1893 650 1959 dicam
672 1893 729 1958 tibi
753 1892 889 1958 uomeu'.

245 2009 343 2077 Andr.
360 2012 437 2076 532:
462 2005 566 2078 ‘Nunc
582 2010 745 2079 Chremem
761 2013 956 2078 conveniam:
978 2013 1075 2079 orabo
1090 2016 1187 2094 gnato
1211 2030 1286 2077 uxo-

161 2133 242 2181 rem:
272 2152 310 2162 -
342 2121 437 2198 atque
465 2115 544 2182 adeo
573 2116 695 2198 inipso
719 2121 859 2198 tempore
883 2133 988 2182 eroum
1011 2114 1114 2197 ipsum
1137 2112 1283 2180 obviam’.

159 2216 264 2303 Atque
292 2215 370 2281 odeo
400 2219 448 2284 hio
477 2219 560 2284 idem
587 2217 691 2284 valere
720 2218 847 2284 videtur
875 2223 971 2302 atque
999 2237 1113 2300 graeco
1142 2236 1284 2284 sermono

161 2321 209 2383 καὶ
229 2321 301 2406 μήν,
324 2321 408 2402 quod
431 2321 516 2402 apud
530 2322 666 2403 tragicos
688 2320 813 2402 legitur,
837 2322 889 2388 uhi
905 2321 1016 2387 histrio
1038 2320 1119 2387 alius
1141 2339 1284 2388 scaenam

161 2424 281 2490 introit.
311 2422 462 2488 Conieras
475 2422 591 2488 similos
604 2422 750 2504 loquendi
763 2421 921 2500 formulas,
937 2423 1052 2503 quibus
1068 2421 1178 2489 comici
1193 2427 1286 2489 utun·

160 2532 229 2592 tur:
253 2537 346 2612 atque
368 2549 480 2604 eccum,
504 2538 551 2590 sat
573 2547 685 2589 eorum.

245 2647 364 2714 Eadem
393 2645 459 2713 iere
487 2648 643 2712 sententia
672 2647 788 2712 iterum
816 2644 934 2729 legitur
962 2645 995 2710 in
1022 2646 1122 2713 altero
1146 2644 1285 2711 Andriae

164 2750 248 2815 exitu
265 2750 327 2813 977
338 2768 346 2816 :
370 2748 464 2828 ‘Age
487 2767 537 2813 me
560 2749 591 2812 in
615 2748 678 2813 tuis
700 2748 844 2814 secundis
866 2749 994 2830 respice.
1029 2749 1112 2813 Tuos
1134 2754 1183 2813 est
1205 2765 1287 2813 nune

162 2849 328 2917 Chremes:
351 2851 508 2918 facturum
532 2869 612 2934 quae
635 2851 720 2916 voles
743 2850 808 2917 scio
832 2869 901 2916 esse
923 2851 1054 2934 omnini!
1073 2850 1215 2916 Memini:
1239 2856 1286 2916 at·

160 2974 221 3037 que
243 2956 321 3021 adeo
345 2960 379 3019 ut
401 2954 484 3021 volui
507 2952 701 3021 commodum
724 2954 784 3021 huo
807 2973 901 3019 senen
924 2955 988 3020 enit
1009 2951 1119 3019 foras'.

245 3075 375 3140 Duobus
397 3074 449 3151 his
470 3074 546 3141 locis
569 3075 724 3140 sententia
752 3072 858 3155 aliqua
881 3074 983 3140 media
1004 3073 1179 3156 supplenda
1201 3073 1286 3139 vide·

160 3183 214 3242 tur
236 3179 321 3243 velut
337 3175 425 3243 ‘dum
449 3178 487 3244 de
510 3177 563 3243 illo
586 3176 742 3258 loquimur
766 3179 847 3261 (ipse
869 3176 947 3243 adeo
963 3172 1115 3259 advenit)'
1142 3174 1181 3240 ci:
1197 3175 1284 3240 Asin.

161 3279 240 3342 403:
264 3278 384 3360 ‘Atque
411 3281 515 3347 hercle
544 3279 648 3359 ipsum
670 3280 750 3345 adeo
772 3275 928 3345 oontuor'.
971 3277 1068 3343 Andr.
1084 3277 1158 3341 415.
1187 3277 1284 3341 Haut.

160 3379 232 3444 804.
255 3381 361 3446 Etiam
385 3382 450 3446 Att.
467 3399 495 3445 v.
511 3380 549 3446 ir.
565 3385 604 3445 tr.
620 3380 698 3447 470:
721 3379 839 3462 ‘Atque
857 3380 935 3447 adeo
951 3378 1058 3446 valvas
1073 3396 1186 3446 sonare
1201 3377 1285 3444 sensi

161 3480 290 3563 regias,
312 3483 397 3548 haud
420 3484 483 3549 seio
505 3503 545 3549 au
568 3483 628 3549 hue
650 3482 833 3549 referendus
856 3483 906 3548 sit.

247 3600 345 3666 Andr.
362 3603 440 3667 977:
462 3598 621 3668 ‘Memini:
652 3607 747 3685 atque
769 3603 847 3669 adeo
867 3601 1028 3684 longumst
1048 3599 1135 3667 illum
1163 3620 1212 3666 me
1236 3620 1286 3666 ex·

160 3711 302 3786 spectare
318 3703 392 3769 dum
413 3701 527 3769 eneat'.
562 3704 757 3787 Pamphilus:
776 3703 929 3790 ‘Memini
951 3704 1064 3787 inquit,
1087 3702 1285 3769 Chremetem

160 3825 263 3872 meum
285 3824 354 3872 esse
377 3811 409 3872 et
430 3807 532 3872 omnia
554 3805 709 3872 iacturum
732 3823 813 3888 quae
835 3807 905 3874 volo
935 3807 1104 3873 etidcirco
1127 3804 1285 3871 Chremeti

160 3929 216 3992 pro
240 3915 272 3974 te
294 3907 502 3992 supplicabo'.
547 3911 650 3990 Atque
679 3907 738 3975 hoc
767 3908 909 3990 inprimis
935 3909 996 3976 sihi
1025 3927 1095 3974 esso
1122 3925 1217 3975 curae
1247 3927 1285 3974 eo

161 4012 229 4093 ipso
259 4011 372 4092 prohat
401 4011 483 4092 quod
510 4011 639 4092 longum
667 4028 737 4076 esse
765 4009 841 4076 dicit
869 4011 1016 4077 seillam
1044 4018 1227 4094 exspectare
1253 4016 1286 4077 et

160 4114 269 4180 statim
291 4133 325 4180 se
347 4115 388 4180 ud
411 4112 608 4180 Chremetem
630 4111 748 4178 iturum
771 4115 941 4196 praedicat.
