2888 4770
581 312 778 412 Ab„

181 518 257 584 cist.
274 517 328 596 lV,
352 520 382 597 2,
407 518 478 582 101.
501 516 573 583 Cas.
591 517 633 589 ΙΙ,
649 520 678 594 5,
695 516 746 581 33.
769 515 865 581 Mero.
882 515 961 581 266:
985 515 1075 580 Nunc
1096 514 1155 581 hoc
1169 533 1241 597 pro·

181 622 263 688 fecto
286 622 332 685 sic
354 628 417 686 est:
452 620 529 685 baec
550 620 635 685 illast
659 637 763 700 capra.
808 618 884 682 Hec.
904 617 976 681 379.
1006 617 1058 681 Ps.
1080 618 1158 680 677:
1185 615 1241 682 Set

179 724 319 808 profecto
341 724 401 790 hoc
423 724 469 789 sic
492 726 560 789 erit.
596 721 692 788 Haut.
709 721 784 787 985:
809 719 861 785 Sic
884 727 944 785 est:
968 738 1028 785 non
1045 737 1114 785 esse
1129 719 1239 784 horum
1350 745 1352 750 ,

184 833 215 893 te
238 826 383 893 arbitror.
429 828 521 893 Poen.
545 845 635 908 supp.
655 826 704 888 19.
727 825 807 889 Eun.
824 823 897 888 408.

116 930 177 994 Ter
206 930 299 995 modo
328 929 410 1010 apud
439 928 560 1012 priscos
588 929 756 1008 scriptores
790 927 987 993 accusativus
1017 943 1086 990 cum
1113 924 1168 989 inl.
1192 943 1240 990 se·

119 1031 240 1112 quitur:

182 1132 262 1197 Eun.
285 1134 363 1214 prol.
381 1136 416 1200 5:
447 1132 498 1198 Sic
521 1133 701 1211 existumet,
725 1150 909 1213 responsum
932 1149 994 1196 non
1018 1131 1136 1196 dictum
1160 1149 1238 1197 esse.

183 1235 257 1300 Hec.
276 1235 355 1300 845:
382 1234 433 1301 Sic
456 1242 488 1301 te
503 1234 574 1300 dixe
589 1236 708 1316 opinor,
732 1235 889 1301 invenisse
904 1233 1096 1316 Myrrhinam
1113 1236 1240 1300 Bacchi·

181 1335 250 1399 dem
274 1336 401 1401 anulum
424 1353 513 1400 suom
540 1336 664 1402 habere.
710 1335 788 1401 cato
810 1354 856 1401 or.
880 1337 945 1401 rell.
963 1337 1012 1416 62,
1036 1336 1074 1400 3:
1102 1337 1169 1419 Ego
1193 1336 1239 1403 sic

179 1438 340 1518 accepi-
356 1439 383 1502 ci
405 1439 510 1519 potius
533 1456 601 1503 esse
624 1439 823 1505 credendum.
856 1437 892 1502 In
910 1438 1104 1504 Phormionis
1120 1457 1148 1503 v.
1161 1438 1238 1504 814:

180 1537 231 1604 Sic
253 1539 304 1621 pol
327 1539 520 1606 commodius
543 1559 612 1606 esse
635 1542 665 1605 in
689 1542 789 1606 omnis
816 1540 967 1620 arbitror,
995 1559 1088 1624 quam
1113 1549 1149 1607 ut
1170 1561 1239 1608 coe-

178 1658 279 1722 peras,
303 1661 429 1709 manere
448 1644 536 1722 hanc,
560 1645 604 1706 cic
626 1644 666 1708 ad
689 1662 726 1710 ea
748 1662 829 1725 quae
852 1645 1045 1728 praecedunt
1066 1648 1189 1724 spectat
1206 1652 1239 1710 et

180 1746 284 1811 verbis
306 1768 432 1809 mamere
454 1745 535 1810 deae
557 1745 743 1811 illustratur.

555 1901 643 1961 Asin.
660 1900 722 1961 699
734 1919 790 1976 sq.:

158 2009 252 2069 Vebes
272 2011 318 2086 pol
338 2027 383 2071 me
403 2012 494 2082 hodie,
517 2012 541 2070 si
562 2013 674 2085 quidem
694 2014 747 2072 hoe
768 2015 912 2088 argentum
935 2015 1007 2074 ferre
1028 2030 1134 2089 speras,

116 2145 119 2151 -
159 2107 171 2174 ΙΙ
188 2107 246 2165 Ten
268 2122 321 2178 ego
342 2106 461 2164 veham?
478 2105 490 2172 ll
507 2108 569 2165 Tun
590 2107 643 2166 hoo
663 2107 739 2166 feras
759 2109 905 2182 argentum
927 2109 993 2168 hino
1013 2108 1097 2168 aliter
1117 2126 1134 2167 a
1155 2113 1217 2168 me?

156 2202 169 2271 ΙΙ
183 2201 260 2262 Perii
285 2200 377 2260 hercle
399 2217 476 2260 vero:
501 2201 527 2260 si
547 2202 689 2274 quidemst
709 2203 837 2262 decorum
858 2219 936 2263 erum
957 2202 1058 2261 vehare
1079 2219 1196 2276 servom,

152 2295 291 2355 Inscende
308 2294 320 2361 ΙΙ
339 2293 385 2354 Sic
405 2295 454 2354 isti
474 2295 567 2355 solent
585 2296 701 2370 superbi
721 2297 896 2370 subdomari3

568 2422 639 2482 na.
655 2421 732 2482 1433
744 2441 785 2497 sq.

717 2535 776 2594 Vae
797 2534 898 2594 misero
919 2534 1002 2594 mihi:

152 2631 247 2692 Verba
268 2629 337 2688 mihi
358 2629 423 2688 data
444 2644 506 2700 esse
527 2627 607 2688 video
623 2660 628 2672 ·
647 2627 739 2687 scelus
760 2629 814 2688 viri
834 2629 1001 2704 Palaestrio,

152 2727 181 2784 Is
201 2741 244 2784 me
266 2724 294 2783 in
315 2725 388 2782 hanc
408 2722 510 2781 inlexit
529 2721 656 2782 fraudem
673 2725 686 2791 ll
704 2721 767 2781 Iure
787 2722 893 2782 factum
914 2724 1022 2784 iudico:

154 2818 184 2878 si
205 2819 247 2878 sio
267 2818 332 2877 aliis
352 2818 477 2878 moechis
497 2817 557 2891 fiat,
578 2817 671 2877 minus
691 2817 738 2878 hic
758 2819 933 2879 moechorum
955 2821 1023 2896 siet;

599 2961 656 3022 ab.
674 2961 750 3024 554:

155 3077 219 3136 Non
241 3075 334 3134 hercle
355 3075 402 3134 hic
423 3075 535 3148 quidem
557 3075 657 3135 durare
678 3075 836 3150 qnisquam,
857 3077 882 3137 ai
902 3076 945 3136 sic
964 3077 1004 3151 fit,
1026 3080 1128 3152 potest.

199 3186 283 3264 Quos
299 3185 326 3250 si
341 3186 426 3251 locos
442 3204 512 3251 eum
529 3205 575 3251 vv.
592 3185 674 3252 Men.
691 3187 752 3250 765
765 3206 829 3269 sq.:
858 3183 1062 3254 ‘Gredonum
1085 3190 1153 3255 viro
1174 3188 1236 3253 liti·

112 3290 197 3370 gium
221 3293 328 3353 natum
352 3307 421 3353 esse
443 3286 586 3370 aliquod:
609 3289 655 3354 ita
677 3289 774 3356 istaec
796 3289 898 3355 solent
920 3309 1001 3372 qnae
1016 3292 1099 3358 viros
1115 3293 1236 3358 subser-

13 3408 15 3412 ’
113 3392 179 3457 vire
201 3391 259 3456 sibi
282 3389 470 3473 postulant',
493 3397 524 3456 et
540 3389 624 3455 Trin.
641 3391 702 3453 217
715 3410 778 3473 sq.:
804 3385 913 3471 ‘Quod
936 3395 963 3458 si
986 3394 1169 3474 exquiratur
1186 3412 1235 3458 ns·

113 3513 174 3576 que
197 3494 237 3560 ab
260 3495 358 3577 stirpe
380 3494 565 3571 auctoritem
594 3495 676 3558 unde
699 3494 836 3579 quidque
860 3496 1001 3560 auditum
1025 3497 1146 3562 dicant:
1174 3495 1235 3561 nisi

111 3597 142 3661 id
165 3596 325 3678 adpareat,
350 3595 562 3675 famigeratori
585 3614 636 3661 res
659 3597 792 3662 situum
816 3597 929 3663 damno
952 3603 984 3663 et
1000 3599 1093 3664 malo:
1116 3600 1175 3665 hoc
1190 3599 1236 3664 ita

112 3699 139 3763 si
161 3697 226 3777 fiat,
250 3698 375 3778 publico
398 3697 453 3762 fiat
469 3696 577 3778 bono';
600 3703 633 3763 et
648 3698 718 3762 Aul.
735 3699 814 3762 492:
837 3694 924 3764 ‘Hoc
939 3699 986 3764 ita
1001 3702 1027 3765 si
1042 3700 1107 3779 fiat,
1132 3719 1235 3766 mores

113 3802 255 3868 meliores
278 3801 338 3868 sibi
360 3806 472 3884 parent
494 3820 551 3883 pro
574 3801 647 3866 dote
670 3819 748 3882 quos
771 3801 875 3867 ferant
895 3820 989 3883 qnam
1005 3822 1087 3869 nunc
1102 3802 1235 3885 lerunt',

112 3904 294 3981 contuleris,
319 3901 439 3970 videbis
462 3906 511 3968 ito
533 3911 676 3986 spectare
698 3906 738 3969 ad
761 3924 798 3971 ea
820 3922 900 3985 quae
919 3911 1089 3972 narrentur
1111 3913 1143 3972 et
1165 3924 1234 3972 esse

113 4003 279 4069 narrantis.
325 4003 404 4069 Nam
428 4006 534 4071 itidem
558 4012 593 4069 ut
616 4005 645 4067 c'o
667 4024 855 4088 pronomen,
885 4009 968 4072 unde
998 4016 1067 4073 orta
1094 4015 1143 4074 est
1164 4026 1235 4088 par·

112 4106 217 4185 ticula,
241 4106 357 4187 ubique
384 4109 558 4174 narrationi
587 4106 719 4174 inservit
748 4116 780 4174 ct
810 4108 848 4174 de
875 4109 915 4176 iis
944 4129 1025 4193 quae
1055 4117 1233 4190 narrantur,

43 4430 171 4480 *ι
