2888 4770
706 326 726 388 6

198 534 277 604 Sura,
298 547 357 607 pes,
379 531 497 603 statura,
518 531 625 602 tonsus,
646 508 728 601 oculi,
748 543 856 600 nusum,
878 525 920 586 vol
941 527 1030 600 labra,

197 626 298 698 Maleo,
319 627 454 698 mentum,
474 625 572 698 herba,
593 623 696 683 collus:
716 625 801 683 totns.
831 621 899 697 qnid
919 621 1013 681 verbis
1034 623 1137 697 opust'l

194 719 226 779 Si
245 721 356 795 tergum
376 717 581 791 cicatricosam,
601 716 672 775 nihil
692 716 746 777 hoc
766 715 880 776 similist
900 714 1030 783 similius.

244 847 378 912 Multum
404 847 465 911 iam
496 846 535 911 de
563 845 621 911 hoc
650 845 717 910 loco
747 844 942 927 disputatum
967 849 1024 909 est.
1070 844 1149 910 Cum
1177 857 1278 929 atque,

156 949 240 1031 quod
264 950 296 1014 in
320 967 348 1014 v.
365 948 427 1013 443
455 947 627 1026 invenitur,
656 966 717 1012 non
745 947 791 1011 ita
812 945 910 1027 accipi
938 951 1058 1026 posset,
1089 953 1124 1011 ut
1153 967 1280 1030 praece·

156 1052 242 1117 denti
259 1061 324 1115 tam
338 1051 551 1132 responderet,
574 1049 662 1116 cuius
685 1048 810 1132 quidem
827 1066 903 1113 usus
918 1047 1038 1113 nullum
1054 1055 1156 1116 exstat
1179 1069 1281 1116 exem·

156 1153 286 1235 plum*)‚
309 1153 368 1218 viri
384 1151 468 1219 docti
485 1150 651 1235 (Holtzius,
670 1151 857 1233 Draegerus,
875 1151 1055 1234 Ussingius)
1078 1152 1109 1215 in
1125 1170 1194 1217 eam
1217 1151 1281 1219 ive·

156 1262 231 1321 runt
246 1255 433 1322 sententiam
451 1267 544 1340 otqoo
559 1256 696 1337 pendere
711 1275 749 1320 ex
764 1253 935 1318 consimilis
954 1254 1107 1321 adiectivo
1123 1259 1155 1320 et
1171 1256 1279 1321 verba:

153 1351 335 1423 ‘consimilis
367 1363 463 1440 utque
493 1355 565 1440 ego’
602 1357 685 1422 idem
720 1357 824 1422 valere
857 1364 952 1438 atque
980 1352 1160 1422 ‘consimilis
1193 1354 1280 1422 mei’.

157 1460 220 1526 Sed
244 1465 370 1525 netum
394 1460 520 1545 quidem
543 1478 624 1541 quae
645 1461 793 1543 leguntur
815 1460 890 1526 ferri
912 1449 987 1524 mihi
1009 1478 1101 1542 posse
1124 1460 1280 1526 videntur.

158 1562 268 1645 Neque
291 1561 374 1627 enim
397 1572 462 1626 tom
482 1564 566 1646 quod
593 1562 709 1645 legitur
738 1562 783 1627 sic
812 1560 952 1644 intellegi
981 1567 1094 1644 potest,
1122 1568 1158 1628 ut
1180 1563 1220 1628 ad
1243 1581 1282 1628 ea

156 1683 237 1746 quae
259 1664 452 1748 praecedunt
475 1670 611 1746 spectet,
638 1684 707 1731 cum
731 1682 885 1748 nusquam
907 1664 991 1747 opud
1014 1665 1173 1731 scaenicos
1196 1670 1282 1732 certe

157 1768 326 1856 scriptores
347 1766 425 1835 haec
447 1767 604 1849 particula
633 1768 664 1832 in
688 1766 927 1848 epiphonemate
955 1767 1058 1849 posita
1086 1766 1281 1847 inveniatur;

159 1887 230 1935 nam
252 1868 286 1934 in
308 1867 422 1935 Bacch.
447 1890 475 1933 v.
492 1869 570 1944 820,
600 1870 653 1934 ubi
676 1868 801 1935 codices
823 1869 987 1936 exhibent:
1015 1866 1151 1937 ‘Terrae
1174 1870 1281 1936 odium

157 1972 311 2037 ambulat:
334 1972 397 2037 iam
412 1971 457 2037 nil
471 1974 553 2056 sapit
568 1992 624 2039 nec
642 1971 754 2038 sentit'
778 1991 839 2038 non
855 1991 925 2038 esse
947 1989 1074 2038 causam
1096 1973 1281 2054 putaverim,

157 2092 251 2155 quom
279 2074 410 2140 obrem
438 2073 618 2160 Scioppium
645 2079 677 2140 et
701 2074 905 2142 Ritschelium
935 2076 1034 2140 secuti
1065 2073 1129 2137 lam
1159 2075 1190 2140 in
1218 2087 1283 2139 tam

157 2182 322 2255 mutemus
346 2194 416 2242 cum
432 2172 511 2242 ‘iam
528 2175 573 2241 nil
592 2175 688 2259 sapit’
712 2177 815 2244 verbis
837 2196 917 2260 quae
940 2177 1145 2257 praecedunt:
1171 2173 1282 2256 ‘Quem

158 2279 191 2345 di
207 2277 350 2361 diligunt,
366 2277 550 2346 adulescens
565 2281 708 2359 moritur,
725 2279 811 2345 dnm
827 2279 911 2346 valet
927 2281 1023 2346 sentit
1038 2280 1154 2363 sapit.
1191 2280 1283 2346 Hunc

157 2383 184 2447 si
208 2381 290 2446 ullus
313 2381 390 2446 deus
414 2387 544 2462 amaret,
568 2381 638 2464 plus
653 2382 745 2447 annis
761 2382 878 2461 decem,
901 2382 972 2464 plns
992 2381 1054 2446 iem
1069 2380 1180 2464 uiginti
1202 2399 1283 2446 mor·

158 2489 244 2549 tuom
273 2501 342 2550 esse
371 2483 541 2566 oportuit’,
569 2490 767 2568 opponantur
796 2492 829 2551 et
856 2503 982 2551 sensum
1010 2489 1119 2569 aptum
1148 2482 1284 2552 efficiant

161 2584 211 2666 (cf.
235 2585 331 2651 etiarn
360 2583 503 2667 Langen,
533 2587 680 2669 Beitrhge
708 2608 764 2653 zur
794 2588 900 2653 Kritik
930 2588 994 2654 und
1017 2586 1198 2670 Erkldrung
1227 2589 1283 2654 des

159 2686 292 2753 Plautus
315 2688 351 2754 L.
367 2687 419 2752 80.
442 2708 473 2770 p.
489 2689 562 2753 234.
586 2689 684 2773 235).ι

246 2790 411 2872 Ussingius
446 2802 509 2855 tam
542 2792 583 2857 ad
618 2792 783 2875 sequentia
817 2793 1014 2859 referendum
1049 2793 1140 2858 docet
1169 2791 1283 2857 collato

159 2891 409 2974 Amphotero:
434 2888 555 2974 ‘Atque
569 2893 615 2959 ita
637 2912 760 2960 servom
775 2894 972 2977 pervidetur
994 2895 1077 2987 frugi
1101 2913 1171 2960 sese
1193 2892 1283 2959 insti·

159 3001 266 3059 tuere:
296 2993 427 3076 proinde
454 2996 499 3060 eri
527 3000 564 3061 ut
591 2997 670 3077 sint,
702 2997 769 3078 ipse
796 2997 871 3062 item
901 2995 1018 3080 sit’**).
1065 2996 1127 3062 Sed
1157 3015 1196 3061 ne
1226 2995 1285 3062 hoc

159 3097 285 3177 quidem
308 3097 384 3161 satis
407 3098 524 3179 placet,
553 3116 624 3164 cnm
654 3096 819 3181 explicatio
848 3117 911 3180 qua
933 3099 1050 3164 utitur:
1074 3072 1158 3163 ‘tain
1185 3099 1285 3165 consi·

159 3195 251 3274 milis,
275 3200 311 3261 ut
325 3214 381 3276 pes
397 3203 454 3263 etc.
478 3199 582 3263 omnia
597 3197 675 3264 nihil
691 3199 815 3265 differre
831 3199 1021 3281 videantur',
1045 3221 1106 3267 non
1130 3206 1286 3284 congruat

160 3302 231 3364 cnm
253 3299 356 3364 verbis
379 3316 460 3379 qnae
475 3300 634 3382 leguntur.
671 3301 891 3368 Necessarium
912 3303 988 3368 mihi
1013 3304 1139 3369 videtur
1160 3304 1191 3368 in
1215 3322 1283 3368 ver·

160 3400 209 3466 bis
228 3397 328 3481 ‘sura
352 3420 417 3483 pes,
441 3409 565 3470 statura
587 3409 660 3470 etc:
688 3403 835 3486 totns',
858 3404 952 3471 simul
974 3405 1084 3471 andire
1103 3397 1285 3470 ‘consimilis

162 3501 237 3569 est'.
281 3503 344 3570 Sed
367 3509 434 3569 tum
456 3523 537 3586 quae
566 3510 660 3570 antea
682 3506 844 3587 leguntur:
873 3500 950 3572 ‘tam
979 3505 1163 3574 consimilist
1190 3513 1285 3588 atque

160 3606 252 3690 ego',
282 3608 322 3674 ad
352 3627 390 3674 ea
412 3628 493 3692 quae
520 3616 696 3693 sequuntur
724 3611 836 3677 referri
864 3616 1023 3692 nequeunt
1051 3616 1084 3676 et
1105 3611 1211 3693 inepte
1232 3610 1286 3677 ab·

228 3797 250 3864 ¹)
269 3794 301 3849 In
324 3793 423 3850 Bacch.
442 3810 465 3847 v.
479 3796 546 3852 777:
576 3793 615 3849 ‘ni
636 3810 725 3850 meum
749 3800 860 3865 gnatum
881 3801 937 3851 torn
954 3811 1046 3851 amem
1069 3800 1151 3866 atque
1169 3797 1195 3851 ei
1212 3797 1287 3851 lacto.

160 3880 267 3950 cupiam
285 3895 354 3950 quae
372 3880 395 3934 is
412 3879 498 3948 velit,
525 3895 603 3950 quern
621 3881 745 3936 Holtzius
763 3884 843 3952 (synt.
855 3882 877 3951 l,
895 3885 956 3952 228)
979 3882 1033 3936 huc
1048 3881 1145 3936 referri
1162 3881 1220 3936 vult
1237 3896 1287 3951 per

161 3975 237 4032 coque
255 3965 324 4020 duae
343 3970 520 4020 conectuntur
537 3967 688 4021 sententiae
707 3981 821 4036 quorum
838 3967 926 4022 altero
943 3982 978 4022 ex
995 3967 1085 4036 priore
1103 3967 1287 4036 consequitur.

162 4052 194 4106 cf.
214 4051 313 4120 Ballas,
331 4066 442 4120 gramm.
462 4051 577 4108 Plautl
594 4068 621 4120 p.
634 4055 676 4108 48.
704 4052 806 4122 Gryph.
824 4055 867 4107 88.

232 4139 266 4206 “)
285 4136 319 4194 ct.
339 4153 445 4206 quoque
464 4154 506 4191 vv.
524 4137 597 4192 Men.
609 4140 651 4193 94.
672 4140 766 4209 rocsq.
790 4137 850 4194 Mil.
864 4140 937 4194 1047.
961 4138 1004 4194 Ps.
1017 4141 1112 4208 Ssslsq.
1131 4138 1212 4194 Most.
1228 4140 1285 4192 146.

165 4221 228 4279 Aul.
244 4221 312 4295 prol.
324 4225 348 4277 9.
366 4225 425 4278 468.
449 4223 487 4280 St.
499 4226 550 4280 525
568 4227 619 4281 etc.
