2888 4770
719 306 761 372 52

186 508 285 593 ml.
314 509 433 590 CistI,
450 512 480 589 1,
494 510 546 575 56.
579 508 673 575 Most
689 509 754 574 890
775 507 842 591 (l).
873 506 981 573 Alran.
1003 507 1043 572 ir.
1065 526 1092 574 c
1108 507 1180 570 124.
1208 503 1313 571 Haut

182 612 372 678 9991059.
406 612 551 678 rusus.
584 611 646 676 Ad.
664 612 737 676 278.
754 613 828 675 919.
861 610 938 675 Lab.
960 610 999 674 fr.
1023 608 1154 690 (ἅθ’).

273 711 350 778 Tam
379 715 433 782 ubi
461 733 531 780 cnm
555 716 658 780 verbis
688 716 829 795 componi
852 715 991 791 ridetur,
1019 730 1082 776 non
1108 711 1190 775 idem
1212 709 1315 790 signi·

182 814 257 882 licat
277 823 373 897 atque
395 826 567 902 tantopere,
590 816 646 881 sed
669 817 750 882 idem
766 817 850 880 valet
871 818 968 896 atquc
989 814 1073 896 quod
1095 831 1153 878 uos
1173 811 1314 876 dicimus

184 940 234 984 soz
251 914 339 999 'quid
362 925 426 983 tam
448 917 640 1002 properas'?
655 915 731 985 ‘was
753 918 826 985 cilst
848 918 891 983 dn
913 915 990 982 so'?

639 1070 726 1130 Trin.
741 1068 804 1130 832
810 1088 853 1144 sq.

580 1182 653 1240 Nem
674 1197 781 1256 apsque
801 1179 875 1239 foret
893 1182 931 1251 te,
952 1182 999 1238 sat
1017 1179 1077 1239 scio
1095 1179 1126 1236 in
1145 1176 1203 1236 alto

220 1272 429 1333 Dirtrsxiseent
448 1274 548 1349 disque
569 1275 702 1334 tulissent
721 1274 861 1334 satellites
881 1273 924 1332 tui
944 1274 1077 1332 miserum
1099 1271 1180 1330 foede

221 1366 355 1440 Bonaqus
376 1367 442 1427 item
464 1368 558 1427 omnia
577 1384 634 1426 una
654 1384 762 1427 mecum
783 1367 888 1442 passim
910 1366 1054 1425 caeruleos
1074 1381 1125 1440 por
1144 1381 1275 1438 compos:

223 1460 269 1519 lta
287 1459 342 1519 iam
364 1461 446 1535 qnasi
467 1477 551 1522 canes
572 1463 628 1520 hau
643 1478 727 1521 secus
740 1477 838 1520 navem
853 1461 1077 1519 circumstabant
1089 1459 1203 1518 turbine
1217 1458 1310 1517 renti.

267 1588 446 1670 Draegerus
461 1590 500 1669 ΙΙ,
516 1588 579 1653 604
600 1589 682 1654 hunc
704 1589 805 1655 lecum
827 1606 889 1653 non
912 1593 997 1651 recte
1018 1586 1177 1651 intereos
1199 1585 1310 1663 refert,

180 1692 294 1777 quibua
315 1691 362 1755 ita
383 1692 573 1776 rcepondeat
595 1693 688 1778 quari
700 1690 873 1774 particulae
887 1691 1134 1772 comparativam
1158 1689 1207 1751 ita
1221 1690 1308 1754 enim

181 1793 233 1860 lrlc
254 1812 315 1860 uon
338 1812 407 1859 curu
430 1795 573 1875 sequenti
603 1797 696 1878 quari
723 1796 933 1876 componitur,
963 1793 1018 1857 sed
1049 1812 1106 1874 per
1131 1811 1166 1857 sc
1188 1797 1253 1856 stat
1275 1798 1310 1856 et

183 1893 259 1962 illud
282 1903 331 1962 est
359 1895 442 1976 quod
473 1897 503 1960 in
531 1897 769 1978 epiphonemate
796 1895 926 1977 legitur,
958 1895 1052 1975 quale
1078 1901 1128 1959 est
1156 1894 1252 1960 etiam
1275 1895 1308 1958 in

182 1998 391 2064 deludit:
416 1993 508 2077 ‘Quin
525 2006 597 2064 exta
619 2000 772 2082 inspicere
793 1997 827 2063 iu
849 1999 915 2063 sole
936 1998 986 2063 vel
1008 1997 1078 2063 viro
1101 1998 1188 2063 licet:
1210 1997 1258 2061 ita
1279 1997 1308 2060 is

182 2100 332 2181 perlucet,
355 2101 444 2181 quasi
467 2101 589 2167 laterna
610 2100 751 2169 Punica'.

266 2203 327 2270 Ter
349 2205 441 2270 modo
469 2204 518 2269 ita
545 2224 616 2271 cum
640 2205 734 2289 quari
755 2205 910 2286 particula
938 2203 1195 2284 compositum*')
1223 2222 1307 2268 com·

180 2304 337 2386 parationi
359 2308 504 2388 inservit,
533 2311 588 2375 sed
612 2309 657 2374 ita
679 2309 815 2391 positum
843 2305 1014 2384 invenitur,
1043 2310 1080 2368 nt
1108 2306 1306 2370 enuntiatum
1406 2385 1409 2391 .

181 2407 346 2476 relativum
369 2411 553 2493 praecedat:

267 2511 362 2579 Mero.
379 2513 456 2578 695:
476 2504 553 2578 ‘Sed
575 2531 700 2594 coquos,
721 2511 812 2592 quasi
834 2512 865 2576 in
888 2515 968 2576 mari
990 2511 1069 2576 solet
1091 2511 1234 2576 hortator
1256 2529 1306 2576 re

180 2612 278 2695 miges
305 2613 477 2696 hortarier,
505 2616 552 2681 ita
580 2613 790 2681 hortabatur'.
837 2613 928 2679 Curc.
945 2615 1023 2679 511:
1052 2608 1161 2690 ‘Quasi
1189 2629 1305 2691 aquam

183 2711 355 2780 ferventem
388 2717 532 2800 frigidam
565 2738 652 2797 esse,
690 2719 735 2784 ita
767 2738 821 2785 vos
853 2720 973 2799 putatis
1007 2717 1092 2799 leges
1125 2715 1221 2780 Haut.
1244 2715 1305 2779 65:

173 2811 355 2883 ‘Proinde
378 2819 556 2903 quasiffl)
579 2839 670 2886 nemo
694 2821 762 2899 siet,
784 2820 831 2886 ita
846 2826 966 2885 attente
981 2826 1049 2885 tute
1065 2819 1187 2883 illorum
1202 2814 1306 2881 officia

179 2914 334 2998 iungere’.

265 3019 302 3086 In
325 3020 537 3106 Adelphorum
560 3044 587 3089 v.
605 3025 682 3089 739:
713 3020 775 3090 ‘Ita
796 3027 894 3090 vitast
916 3026 1084 3102 hominum,
1115 3023 1204 3103 quasi
1231 3040 1304 3087 cum

177 3121 268 3188 ludas
292 3127 438 3206 tesseris,
468 3127 494 3191 si
517 3127 593 3194 illud
617 3128 701 3210 quod
723 3145 866 3193 maxume
893 3147 972 3210 opus
995 3133 1044 3192 est
1066 3127 1149 3191 iactu
1171 3142 1233 3190 non
1255 3141 1305 3188 ca·

179 3222 334 3300 cicinno
358 3230 443 3311 quod
472 3230 584 3296 cecidit
614 3230 710 3309 forte,
741 3230 772 3294 id
800 3236 869 3294 arte
898 3237 935 3294 ut
956 3224 1123 3309 corrigas,
1152 3226 1304 3306 itaquid

181 3326 240 3392 sibi
252 3327 326 3394 velit
341 3331 503 3397 enuntiato
516 3351 555 3398 ex
570 3342 606 3395 ut
620 3332 777 3415 particula
787 3348 940 3413 suspenso
951 3331 1131 3397 illustratur
1146 3327 1197 3414 (ci.
1207 3329 1301 3394 Poen.

249 3513 276 3582 l)
295 3513 362 3570 Vell.
374 3516 411 3582 Il,
423 3520 464 3583 88,
478 3520 507 3571 2:
527 3516 596 3574 ‘Nec
619 3517 723 3572 minora
747 3517 873 3585 consequi
897 3516 1000 3585 potuit,
1023 3516 1071 3571 sed
1093 3520 1221 3569 nontam
1238 3529 1301 3568 con·

179 3599 309 3670 euplrit'3
327 3611 378 3655 ram
395 3603 440 3658 hic
457 3620 510 3659 non
523 3621 582 3660 cum
595 3607 736 3672 concupivit
754 3605 834 3659 verbo
855 3601 1065 3673 componendum
1084 3606 1134 3669 est,
1154 3601 1201 3655 sed
1220 3615 1301 3654 enun-

177 3684 274 3740 tiatum
297 3686 406 3756 aliquod
430 3690 638 3760 comparativum
663 3689 841 3761 supplendum
866 3695 920 3758 est,
945 3689 1035 3744 velut:
1060 3687 1151 3756 ‘quam
1174 3686 1302 3754 consequi

176 3769 286 3839 potuit'.
988 3835 991 3843 ⁴

244 3856 290 3924 *ll
308 3857 341 3912 cf.
359 3856 430 3913 Eun.
444 3862 506 3915 117:
521 3859 628 3931 ‘coepit
645 3892 679 3901 -
697 3859 819 3927 educere,
837 3859 877 3913 ita
894 3859 934 3913 nti
953 3859 975 3912 si
993 3862 1065 3911 esset
1081 3854 1163 3911 filia’.

247 3943 299 4006 m)
319 3943 352 3997 cf.
369 3947 482 4011 proinde
498 3956 527 3999 ut
544 3978 578 3988 -
595 3948 633 3998 ilo
650 3949 693 4000 Ps.
706 3948 772 4012 679,
796 3946 862 3997 sicut
880 3973 912 3985 -
931 3945 969 3995 ilc
987 3943 1062 3996 Asin.
1079 3946 1136 4010 lsq.
1160 3943 1198 3993 ila
1220 3949 1250 3993 ut
1267 3969 1301 3982 —

176 4030 215 4082 ite
232 4027 299 4083 Cato
317 4028 350 4083 de
368 4045 390 4085 r.
408 4047 428 4085 r.
452 4035 508 4101 144,
526 4035 558 4094 2,
583 4033 622 4084 ita
640 4061 669 4070 —
689 4031 775 4083 iridem
798 4039 826 4082 ut
851 4029 928 4084 Gnrc.
949 4031 1013 4096 6903
1037 4028 1075 4079 sic
1091 4057 1126 4067 -
1139 4026 1251 4093 proinde
1272 4034 1302 4077 ru

176 4113 274 4187 Amph.
287 4116 338 4172 517
356 4116 394 4168 ite
410 4125 440 4168 ut
462 4147 486 4156 --
508 4118 545 4168 cic
562 4116 590 4171 Ο.
602 4118 622 4170 Ι.
637 4116 660 4181 1,
672 4117 760 4185 818,7
778 4117 843 4168 rieul
862 4145 893 4154 -
914 4115 999 4167 iridem
1017 4114 1075 4167 Mil.
1089 4114 1147 4171 727.
