2888 4770
750 321 792 385 60

273 525 441 592 1111111111
463 544 622 606 nunquam
647 527 833 592 miserarent
854 526 937 591 mula
959 526 998 592 11.
1021 527 1071 591 Ps.
1088 525 1167 590 927:
1201 523 1254 592 Sic
1276 542 1335 606 ego

273 627 360 693 illum
383 665 423 675 -
446 628 479 693 11
504 628 646 694 timorem
669 630 766 707 dabo,
795 628 884 709 ipsus
906 647 975 694 sese
997 636 1033 694 11
1054 635 1147 711 neget
1169 647 1240 694 eum
1265 646 1336 695 esse

273 733 326 813 qui
348 732 417 797 siet.
453 733 550 797 Andr.
569 733 644 798 120:
673 731 715 796 Et
738 732 823 796 voltu
849 767 887 777 -
912 731 990 796 adeo
1013 729 1164 807 modesto,
1187 730 1336 796 1111111-

272 840 375 913 nusto,
393 841 427 899 ut
443 834 519 899 nihii
535 854 639 917 supra.
676 835 771 900 Andr.
785 834 857 900 278.
881 833 936 898 Ph.
949 833 1022 897 498.
1046 831 1124 898 Cato
1136 851 1182 897 or.
1195 833 1224 898 J.
1237 851 1268 914 p.
1284 834 1334 896 ll.

314 934 364 998 Ne
380 944 488 1002 contra
504 938 648 1017 sequitur
661 939 710 1003 his
725 938 815 1004 loeis:
840 937 932 1002 Most.
949 936 1011 1000 389
1028 936 1082 999 11.;
1106 935 1335 1000 Aduenientem

272 1037 317 1102 ita
338 1044 460 1120 patrem
483 1039 594 1105 faciam
617 1047 721 1118 tuum,
752 1059 813 1104 uon
837 1038 928 1104 modo
951 1057 990 1102 ue
1013 1038 1095 1102 intro
1125 1040 1192 1114 eat,
1224 1054 1333 1101 verum

271 1141 363 1205 etiam
387 1147 423 1205 ut
447 1141 557 1222 fugiat.
602 1141 692 1225 Gapt.
710 1142 788 1205 737:
823 1143 926 1224 Atque
949 1140 1031 1204 hune
1059 1157 1108 1202 me
1137 1137 1216 1202 velle
1238 1136 1334 1203 dicite

274 1242 318 1306 itu
334 1244 481 1321 curarim,
505 1247 600 1325 nequi
623 1245 761 1310 deterius
785 1244 856 1309 huie
878 1244 919 1307 sit
942 1260 1034 1324 quam
1051 1240 1124 1322 quoi
1146 1246 1333 1320 pessumest.

273 1345 367 1415 Haut.
384 1346 462 1410 783:
490 1348 539 1412 Ita
555 1349 682 1412 miseeto
698 1365 737 1411 ue
753 1366 802 1412 me
818 1343 1002 1410 admisceas,
1036 1341 1121 1407 Triu.
1137 1341 1216 1406 343:
1239 1339 1335 1407 Prae·

274 1453 390 1513 mostro
413 1450 480 1528 tibi,
503 1457 538 1514 ut
560 1449 607 1514 ita
629 1455 660 1514 te
675 1449 807 1515 aliorum
823 1450 1015 1525 miserescat,
1040 1464 1078 1512 ue
1094 1444 1135 1510 tis
1150 1446 1227 1511 alios
1243 1445 1335 1512 mise·

274 1555 352 1613 reat.
397 1548 487 1616 Cure.
510 1551 564 1616 28:
601 1551 650 1616 Ita
683 1556 772 1615 tuum
808 1550 946 1615 conferto
978 1565 1099 1627 amare,
1135 1567 1174 1612 ne
1201 1546 1260 1613 tibi
1293 1548 1336 1612 sit

274 1652 399 1732 probro.
444 1652 533 1736 Oapt.
557 1655 637 1720 794:
675 1655 724 1718 lta
753 1653 868 1719 itinera
894 1654 1041 1718 insistant
1075 1653 1185 1734 nequis
1213 1650 1246 1716 iu
1275 1651 1335 1717 hac

272 1754 376 1832 platea
398 1757 503 1836 negoti
526 1757 665 1822 conferat
687 1757 853 1838 quiequam
875 1755 934 1820 sui.
981 1754 1095 1820 Bacch.
1117 1753 1196 1818 224:
1231 1755 1334 1820 Adve-

272 1854 340 1920 niat
361 1858 485 1936 quando
509 1857 577 1922 vult
598 1865 692 1938 atque
721 1860 766 1922 ita
794 1877 833 1923 11
860 1857 903 1922 sit
932 1875 1047 1923 morae.
1092 1854 1149 1920 Ph.
1172 1857 1248 1920 768:
1284 1857 1335 1922 lta

271 1957 373 2039 fugias
396 1979 434 2024 ue
457 1967 582 2040 praeter
604 1980 708 2026 casam
726 1961 781 2042 (se.
798 1959 1004 2042 praetereas).
1039 1958 1131 2025 Cure.
1148 1959 1224 2022 704:
1248 1959 1334 2023 Dum

272 2060 396 2141 quidem
427 2060 531 2126 hercle
558 2062 605 2126 ita
632 2061 751 2127 iudices
781 2061 1013 2140 nequisquam
1042 2079 1062 2124 a
1088 2078 1138 2125 me
1166 2064 1334 2140 argeutum

271 2160 402 2227 auferat.
438 2163 528 2244 Epid.
544 2163 623 2228 355:
654 2164 702 2228 Ita
725 2162 811 2229 suasi
834 2162 902 2228 seni
924 2169 1019 2244 atque
1043 2161 1123 2228 hane
1145 2160 1243 2227 habui
1263 2180 1334 2227 ora·

272 2264 387 2328 tionem
404 2272 495 2329 ut-
512 2285 551 2332 ue
566 2266 623 2331 tibi
639 2265 707 2330 eius
724 2265 813 2347 copia
828 2264 955 2347 esset*).
972 2263 1011 2328 ot.
1029 2263 1107 2328 Oato
1123 2263 1162 2328 de
1176 2285 1202 2328 r.
1214 2283 1239 2328 r.
1253 2263 1284 2328 3.
1303 2266 1332 2327 l.

294 2366 380 2444 Quae
402 2386 472 2432 cum
494 2367 541 2432 ita
562 2369 626 2432 siut
648 2387 709 2433 non
738 2367 846 2432 dubito
875 2365 908 2430 11
932 2366 1126 2430 Phormiouis
1154 2364 1209 2430 illo
1238 2385 1333 2431 versu

208 2486 265 2548 pro
289 2478 324 2530 ut
345 2490 391 2546 ne,
415 2470 498 2548 quod
521 2469 560 2534 ab
583 2487 644 2534 usu
666 2468 840 2549 priscorum
863 2469 1052 2549 scriptorum
1075 2485 1204 2548 prorsus
1219 2468 1334 2533 abhor-

208 2589 277 2634 rere
299 2570 444 2651 vidimus,
466 2581 502 2634 at
522 2594 584 2635 ooo
605 2573 751 2636 seribere.
791 2572 827 2636 In
851 2570 984 2636 Casinae
1007 2592 1035 2634 v.
1052 2571 1092 2649 11,
1115 2571 1144 2650 5,
1167 2570 1225 2634 32:
1244 2565 1331 2636 ‘Non

210 2671 313 2736 hercle
336 2673 445 2754 opinor
466 2692 572 2756 posse:
595 2674 640 2738 ita
662 2691 740 2739 uxor
755 2675 871 2739 aeriter
886 2679 942 2738 tua
956 2673 1055 2738 instat
1070 2692 1109 2738 ue
1124 2673 1199 2737 mihi
1212 2672 1329 2749 detur’,

208 2775 946 2841 1111111111111111111111111111111111
974 2776 1090 2857 pendet
1118 2782 1151 2840 et
1177 2776 1226 2838 ita
1253 2775 1332 2839 illud

160 2963 161 2967 Ἰ
208 2884 257 2940 est
281 2877 364 2958 quod
386 2877 419 2941 iu
442 2877 680 2959 epiphonemate
702 2878 775 2957 poni
790 2878 879 2942 solet.
916 2875 954 2942 11
969 2874 1035 2940 Μ11.
1053 2896 1081 2940 1.
1098 2877 1171 2955 588,
1196 2876 1248 2941 ubi
1264 2875 1332 2941 Rit-

208 2979 352 3058 sehelius‚
376 2999 445 3046 eum
468 2979 610 3047 codicum
633 2980 790 3061 scriptura
811 2998 909 3061 prava
932 2985 1024 3057 esset,
1048 2979 1259 3045 coniecturam
1278 2997 1330 3060 pe·

206 3080 362 3149 riclitans:
390 3079 468 3161 ‘Qui
496 3084 575 3150 adeo
604 3083 821 3157 admutiletur,
852 3102 890 3148 ne
920 3083 952 3146 id
982 3085 1064 3164 quod
1096 3081 1172 3147 vidit
1201 3078 1329 3145 viderit'

208 3183 259 3267 (11.
284 3185 328 3248 Fl.
352 3185 419 3269 Br.)
442 3188 504 3271 [vel
523 3182 600 3266 ‘Qui
623 3189 668 3252 ita
690 3182 939 3264 admutiletust']
964 3183 1130 3266 legendum
1150 3181 1331 3265 proposuit,

209 3307 279 3353 eum
303 3286 381 3353 odeo
403 3292 535 3371 gradum
558 3291 694 3372 aliquem
718 3289 861 3354 altiorem
884 3287 1046 3370 significet,
1068 3288 1114 3352 ita
1136 3293 1172 3351 ut
1194 3303 1332 3367 eaquae

207 3396 382 3470 sequuntur
405 3410 461 3471 pro
491 3392 693 3475 consequenti
724 3392 833 3457 haberi
860 3391 1011 3469 debeant,
1045 3388 1236 3468 Madvigium
1258 3387 1331 3452 adv.

209 3491 276 3557 orit.
293 3493 324 3557 ΙΙ
345 3494 411 3574 p.9
435 3501 577 3560 secutus:
606 3491 703 3573 ‘Quoi
725 3495 757 3559 id
780 3495 952 3572 adimatur,
983 3511 1022 3557 ne
1044 3489 1092 3557 id'
1116 3495 1176 3556 111.
1198 3488 1331 3572 seripse-

208 3593 275 3670 rim,
299 3609 380 3672 quae
401 3593 542 3677 proxime
564 3596 605 3660 ad
628 3596 768 3662 codicum
792 3595 979 3676 scripturam
1002 3593 1165 3662 accedunt.

293 3694 401 3762 Liceat
424 3697 500 3762 mihi
521 3698 580 3762 hoc
601 3697 669 3762 loco
699 3701 806 3779 paucis
836 3699 930 3762 etiam
960 3697 1063 3762 verbis
1092 3696 1130 3760 de
1159 3694 1331 3759 enuntiatis

277 3867 303 3933 a)
322 3865 354 3918 In
372 3865 449 3919 cure.
468 3868 556 3921 1218
574 3865 621 3919 ubi
637 3865 777 3933 leguntur:
801 3863 930 3932 ‘Quando
953 3864 992 3917 ita
1010 3863 1097 3918 sentio
1119 3861 1282 3917 sententiam
1300 3866 1331 3916 ut

211 3950 257 4020 qui
276 3965 318 4004 me
335 3950 412 4004 nihili
430 3950 535 4019 faciat’‚
553 3951 629 4002 oiddi
645 3967 699 4005 nou
715 3966 776 4005 eum
787 3959 815 4002 ut
828 3949 1040 4020 componendum
1052 3952 1100 4016 est,
1117 3947 1164 4002 sed
1176 3963 1237 4002 eum
1248 3947 1330 4002 verbo

201 4037 304 4101 sucina
319 4034 411 4089 ‘nihili
427 4034 524 4090 faeiat’
541 4034 612 4089 idem
625 4042 666 4089 est
678 4041 760 4105 atque
771 4037 942 4091 ‘contemnat
952 4041 1034 4105 atque
1046 4035 1123 4103 parvi
1134 4033 1239 4102 faeiat’,
1256 4032 1331 4088 ideo·

206 4122 260 4176 bue
278 4129 306 4173 ut
322 4120 440 4190 positum
457 4126 508 4175 est.
543 4120 672 4176 Eiusdem
690 4123 795 4189 generis
814 4128 855 4177 est
872 4121 955 4177 Andr.
975 4137 998 4176 1.
1013 4123 1070 4175 148.
1369 4124 1370 4127 ’
