2888 4770
630 347 833 444 „21-

171 545 224 610 Jra'c
246 545 300 609 illi
322 543 440 610 celebro
471 546 582 629 (Dc),
613 548 645 613 in
667 568 696 612 v.
718 549 780 614 852
802 551 894 630 c'atoc,
921 552 953 616 in
976 571 1005 617 v.
1026 552 1088 618 853
1118 565 1186 619 erat
1213 578 1295 640 pau·

168 649 234 712 lom
256 648 353 712 nimia
377 646 473 713 locali
492 649 648 729 exhibent,
672 651 782 718 molius
797 671 890 735 quam
906 653 1022 720 abillis
1037 655 1209 722 editoribus
1231 675 1295 721 ser·

167 756 269 817 vetur.
321 750 451 818 Accedit
480 757 516 817 ut
544 763 608 815 tam
637 753 712 832 quid
743 754 804 820 sibi
830 755 905 821 velit
931 757 962 820 iu
992 757 1156 824 Ritschelii
1189 759 1293 825 verbis

166 872 228 919 non
252 851 456 934 intellegitur.

530 989 614 1049 Men.
635 990 715 1066 prol.
731 988 856 1050 62-67
876 990 928 1049 Br.

269 1100 395 1172 Eumque
416 1100 547 1158 heredem
568 1101 646 1174 fecit,
666 1119 749 1174 quom
770 1102 831 1175 ipae
851 1101 923 1161 obiit
943 1102 1025 1160 diem.

236 1260 243 1267 .
269 1194 341 1251 Nam
363 1210 410 1251 rus
430 1196 462 1251 ut
482 1193 543 1252 ibat
563 1194 646 1266 forte,
666 1198 698 1254 ut
718 1194 836 1254 multum
856 1195 976 1270 pluerat,

269 1287 420 1359 Ingressus
441 1287 556 1345 fiuvium
578 1289 705 1362 rapidum
726 1288 763 1348 ab
784 1289 852 1348 urbe
874 1289 948 1348 haud
968 1287 1090 1362 longule,

271 1379 398 1452 Rapidus
419 1379 524 1452 raptori
544 1384 625 1454 pueri
644 1380 780 1439 subduxit
799 1382 885 1456 pedes

272 1473 475 1547 Apstraxitqne
499 1473 640 1532 hominem
667 1473 696 1532 in
722 1491 878 1533 maxumam
904 1474 1005 1534 malam
1030 1492 1149 1536 crucem.

270 1566 335 1642 [Ita]
357 1567 400 1625 illi
420 1567 536 1628 divitiae
557 1570 712 1627 evenerunt
732 1585 885 1628 maxumae.

160 1677 217 1740 Ito
238 1678 323 1761 quod
345 1676 479 1760 Pylades
508 1679 540 1744 in
569 1679 658 1744 initio
684 1680 858 1744 sententiae
885 1680 1043 1762 supplevit
1072 1682 1189 1763 optime
1214 1684 1287 1749 huic

160 1780 227 1847 loco
244 1781 397 1862 convenia
419 1780 580 1847 Ritschsiii
599 1800 671 1844 vero
686 1779 793 1846 lectio:
812 1775 875 1845 ‘Illi
890 1781 951 1845 div.
968 1781 1014 1847 ita
1035 1792 1208 1849 evenerunt
1228 1783 1283 1849 m'

160 1884 231 1948 ideo
253 1883 452 1965 reprobanda
473 1888 522 1948 est
543 1882 627 1964 quod
650 1901 803 1965 nusquam
825 1882 906 1966 ito*)
935 1883 993 1951 hac
1022 1904 1092 1951 cum
1119 1888 1149 1952 vi
1176 1888 1285 1953 mediis

159 1985 312 2050 insertum
343 1985 500 2049 invenitur
526 1984 690 2050 sententiis
718 2002 780 2049 uno
813 1990 941 2068 excepto
970 1986 1054 2065 loco,
1084 1987 1211 2068 dequo
1240 1989 1285 2054 vi·

160 2087 301 2152 deamus.

246 2187 311 2254 Mil.
335 2205 446 2253 versus
469 2188 638 2252 asa-269
662 2189 798 2255 editores
825 2189 997 2255 secuudum
1020 2189 1142 2257 codices
1164 2190 1209 2258 sic
1232 2212 1282 2258 ex·

159 2291 284 2357 hibent:

248 2417 279 2477 Si
299 2417 412 2477 invenio
433 2417 482 2491 qni
501 2418 581 2488 vidit,
604 2418 639 2476 ad
660 2434 722 2477 enm
743 2416 852 2479 vineam
873 2419 1040 2494 pluteosque
1060 2438 1152 2495 agam.

249 2513 306 2572 Res
325 2514 467 2587 paratust:
489 2512 517 2572 ri
537 2512 743 2587 pugnandoque
762 2512 901 2572 hominem
922 2515 1051 2588 caperest
1070 2517 1147 2574 certa
1166 2531 1219 2575 res.

247 2606 276 2666 Si
297 2606 338 2665 ita
358 2624 413 2666 non
433 2606 550 2681 reperio,
571 2605 618 2666 ibo
639 2606 758 2665 odorans
778 2606 860 2679 quasi
881 2607 962 2665 canis
982 2607 1127 2668 venaticus

246 2700 343 2774 Usque
363 2700 452 2760 donec
472 2701 637 2774 persecutns
656 2698 766 2773 volpem
785 2715 831 2758 ero
852 2698 990 2773 vestigiis.

160 2811 258 2876 Miror
280 2810 416 2876 editores
438 2811 470 2875 in
487 2809 590 2876 verbis
606 2805 646 2874 ‘si
661 2809 707 2874 ita
721 2828 783 2875 non
797 2807 935 2890 reperio'
960 2809 1161 2892 acquievisse.
1198 2809 1281 2878 Nam

159 2920 195 2978 ut
216 2914 265 2976 ito
287 2905 473 2994 particulam
504 2913 548 2976 sic
575 2911 765 2993 accipiamus
794 2917 829 2975 ut
855 2911 895 2975 ad
918 2928 1057 2991 eaquae
1080 2919 1173 2978 antea
1195 2913 1280 2979 dicta

158 3019 232 3080 sunt
254 3023 375 3097 spectet
397 3033 528 3096 prorsus
550 3033 612 3081 uon
634 3012 822 3096 perspicitur
845 3012 921 3092 quid
943 3013 1002 3079 hoc
1024 3011 1083 3077 sibi
1104 3012 1172 3079 loco
1194 3013 1278 3078 velit.

160 3117 315 3197 Equidem
344 3115 530 3199 particulam
558 3115 608 3181 hic
635 3114 799 3180 delendam
828 3131 897 3179 esse
925 3132 1050 3193 censeo,
1084 3131 1148 3194 qua
1176 3114 1279 3181 deleta

157 3237 269 3284 sensus
299 3217 432 3284 efficitur
460 3221 613 3302 optimus3
650 3222 850 3300 opponuntur
878 3217 961 3282 enim
990 3236 1060 3283 cum
1087 3218 1117 3281 vi
1143 3218 1279 3299 quadam

157 3322 334 3387 sententiae
350 3319 389 3386 ‘si
411 3322 534 3387 invenio
551 3319 623 3388 etc'
648 3326 680 3386 et
697 3316 736 3384 ‘si
759 3337 820 3384 non
841 3316 991 3399 reporio'.
1024 3317 1210 3400 corruptela
1231 3320 1279 3385 ita

157 3422 232 3487 mihi
259 3421 427 3502 irrepsisse
456 3425 594 3501 videtur,
632 3427 666 3487 nt
695 3422 829 3504 scriptor
857 3421 1003 3487 librarius
1036 3440 1074 3486 ex
1102 3440 1208 3487 errore
1234 3423 1279 3485 ac'c

156 3531 227 3608 post
249 3527 285 3589 ci
301 3527 442 3606 adderet,
465 3527 559 3608 quod,
583 3544 653 3592 cum
675 3528 809 3589 metrum
832 3541 893 3588 non
916 3527 1024 3602 staret,
1054 3522 1087 3587 in
1109 3523 1158 3587 ita
1179 3528 1278 3589 muta·

156 3634 222 3694 tum
246 3633 301 3695 est

227 3800 250 3866 ⁴')
270 3797 309 3853 cf.
328 3801 423 3853 contra
446 3796 506 3850 Cas.
519 3795 555 3864 11,
567 3798 592 3862 4,
607 3798 652 3850 19:
671 3793 710 3850 ‘Si
732 3794 771 3848 sic
794 3792 860 3848 nihil
883 3793 1028 3861 impetrare
1050 3796 1160 3862 potero,
1182 3792 1276 3846 saltem

158 3881 278 3937 sortiar’.
308 3882 382 3936 Trin.
395 3884 453 3936 465.
477 3881 515 3935 st.
527 3883 585 3935 483.
603 3879 646 3932 Pa.
658 3883 717 3934 542.
740 3878 798 3933 Mil.
813 3881 887 3934 1014.
910 3878 995 3932 Mero.
1006 3881 1048 3933 92.
1071 3876 1119 3930 Ph.
1131 3879 1190 3932 303.
1208 3877 1276 3933 Hac.

156 3971 216 4022 288.
233 3968 294 4023 Uno
312 3968 372 4023 loco
389 3969 426 4021 cic
444 3967 472 4020 in
489 3966 565 4020 initio
585 3964 775 4020 enuntiationis
793 3964 910 4034 positum
929 3968 984 4032 est,
1001 3968 1032 4018 ut
1049 3967 1175 4017 eventum
1191 3967 1275 4017 notet.

156 4053 223 4108 Hac.
235 4057 300 4108 598:
314 4051 449 4122 ‘Tempus
468 4058 509 4107 est
521 4051 681 4108 concedere:
700 4051 739 4104 sic
751 4054 860 4120 optume
872 4079 906 4090 -
918 4048 1003 4104 omnis
1016 4062 1111 4105 causas
1122 4046 1275 4119 praecidam

155 4137 297 4193 omnibus'.
