2888 4770
702 366 744 431 49

157 570 231 631 Rud.
249 576 338 630 1124:

252 670 335 733 ‘vidi
355 673 450 746 petere
470 673 594 747 miluom,
615 675 700 735 etiem
721 693 804 750 quom
824 675 897 735 nihil
917 672 1048 746 auferret,
1074 665 1195 747 tamem,

158 774 235 857 quia
255 774 305 840 his
327 774 403 840 locis
425 776 580 857 particula
595 778 635 842 ad
651 783 822 844 extremum
845 794 955 843 versus
971 775 1074 843 locum
1096 775 1213 842 reiecta
1235 779 1286 841 est

160 883 193 944 et
215 878 330 960 optime
352 874 407 941 illa
428 896 536 944 versus
559 880 758 945 terminatur.

246 980 284 1045 In
314 998 363 1044 55.
387 977 483 1045 Haut.
507 980 548 1046 53
557 999 617 1063 sq:
653 984 846 1066 Quamquam
881 982 959 1049 haec
986 983 1071 1048 inter
1099 999 1156 1047 nos
1185 997 1285 1060 nuper

157 1083 271 1151 notitia
286 1083 486 1148 admodumst
501 1120 541 1131 -
561 1085 566 1166 Ι
585 1083 663 1149 Inde
683 1087 762 1152 adeo
784 1087 867 1169 quod
883 1104 993 1167 agrum
1017 1087 1048 1151 in
1071 1084 1212 1168 proximo
1235 1083 1286 1149 hic

159 1193 315 1252 mercatus
331 1203 365 1249 es
381 1220 419 1231 -
441 1186 446 1266 1
466 1186 531 1250 Neo
547 1188 592 1253 rei
608 1187 673 1253 fere
690 1207 765 1254 sane
780 1187 913 1271 amplius
926 1189 1091 1269 quiequam
1108 1187 1182 1253 fuit:
1202 1186 1207 1268 1
1226 1186 1286 1250 Τ5-

159 1308 228 1355 men
252 1287 424 1353 vei'virtus
446 1293 502 1352 tua
524 1308 573 1352 me
595 1289 645 1354 vel
667 1291 865 1356 vicinitas-
886 1291 891 1371 Ι
911 1291 1000 1355 Facit
1022 1296 1058 1355 ut
1080 1294 1111 1354 te
1134 1289 1285 1357 audacter

158 1388 333 1471 moneam’3
356 1396 388 1454 et
409 1387 500 1455 Oura.
517 1392 589 1458 465.
606 1394 684 1459 466:
710 1391 918 1474 ‘Quamquam
942 1413 1011 1459 cum
1034 1392 1114 1459 istoc
1136 1393 1211 1458 mihi
1233 1412 1283 1459 ue·

157 1497 223 1578 goti
239 1494 317 1560 nihil
335 1499 384 1558 est
400 1493 473 1576 (ipsi
489 1495 682 1561 Phaedromo
702 1497 708 1578 Ι
727 1497 880 1579 Credidi),
903 1502 1007 1562 tamen
1027 1495 1227 1576 adservabo',
1244 1532 1285 1545 -

159 1609 263 1661 tamea
285 1597 355 1662 ideo
378 1599 513 1679 positum
537 1599 670 1677 videtur,
702 1600 777 1681 quia
799 1599 996 1682 parenthesis
1020 1600 1210 1677 intercessit,
1241 1599 1286 1663 ita

158 1709 196 1766 ut
218 1702 337 1766 acriore
360 1701 600 1766 adhortamenta
623 1720 702 1783 opus
732 1707 815 1766 esset
845 1708 881 1766 ut
910 1702 1033 1765 animus
1055 1701 1286 1767 audientisad-

159 1803 329 1869 duceretur
352 1821 390 1867 ea
411 1820 491 1883 quae
514 1803 694 1868 dicerentur
713 1824 750 1868 55
773 1803 904 1868 adverso
928 1803 1052 1885 opponi.

248 1905 351 1968 Etiam
374 1905 404 1968 15
429 1923 477 1968 55.
501 1903 589 1968 Asin.
606 1906 678 1968 497.
696 1905 773 1970 498:
807 1901 1011 1985 ‘Quamquam
1041 1925 1098 1988 ago
1127 1924 1196 1970 sum
1220 1925 1287 1971 sor·

159 2008 294 2084 didatus,
318 2005 399 2086 frugi
424 2012 528 2072 tamen
546 2005 640 2088 sum',
662 2006 859 2086 (11551153.
883 2007 970 2074 Ρ555.
988 2009 1060 2073 655.
1084 2008 1194 2091 Amph.
1212 2010 1284 2074 542.

158 2110 240 2175 Rud.
257 2110 329 2174 534.
355 2109 400 2172 St.
418 2109 490 2173 745.
514 2111 595 2176 Eun.
611 2111 689 2191 243,
718 2111 1044 2193 praeterquamquod
1067 2113 1097 2175 iu
1121 2112 1284 2195 compluri-

158 2215 218 2278 bus
233 2212 388 2295 partioula
404 2231 529 2277 versum
544 2215 706 2279 terminari
723 2219 863 2296 apparet,
886 2225 989 2277 tameo
1004 2215 1074 2278 ideo
1090 2213 1284 2278 retinendum

159 2318 218 2390 555,
244 2314 327 2397 quod
351 2333 411 2379 nou
435 2315 610 2395 proximum
632 2316 672 2380 ab
695 2315 909 2381 enuntiatione
932 2316 1112 2381 concessiva
1133 2317 1287 2397 particula

163 2418 265 2484 locum
289 2417 418 2482 obtinet.
456 2415 491 2480 In
517 2419 594 2482 Attii
616 2439 644 2482 v.
660 2419 699 2484 fr.
715 2426 754 2483 tr.
772 2418 848 2481 234:
867 2413 1000 2484 tProbae
1021 2418 1079 2483 etsi
1095 2419 1125 2482 in
1149 2424 1286 2498 segetem

164 2527 240 2587 sunt
262 2517 450 2585 deteriorem
474 2519 567 2585 datae
590 2521 712 2605 Fruges
734 2529 839 2587 tamen
863 2558 901 2566 -
927 2519 1071 2600 enitent,
1097 2526 1170 2602 post
1192 2518 1287 2584 dorae

161 2624 364 2704 interpungo.

244 2729 412 2814 Nunquam
436 2727 549 2796 deiude
574 2741 637 2792 tara
653 2727 854 2794 adversativa
868 2744 939 2792 cum
961 2726 992 2789 51
1008 2724 1148 2790 adhiberi
1171 2723 1286 2805 potuit,

158 2831 212 2896 ubi
235 2834 390 2914 oppositio
414 2854 495 2917 quae
518 2831 651 2898 efficitur
667 2832 728 2895 aliu
743 2831 804 2894 iam
827 2827 984 2910 particula
1005 2824 1212 2909 significatur,
1235 2846 1286 2892 ve·

157 2932 206 2998 lut
236 2935 360 2997 515·-
383 2960 489 3000 veram
523 2947 626 2999 tamea
656 2934 711 2998 Ph.
728 2933 807 3011 4073
836 2930 900 2994 ersi
919 2967 961 2978 —
984 2926 1042 2991 aad
1067 2938 1171 2991 tornea
1198 2926 1285 2993 Pers.

159 3037 236 3100 602:
260 3061 450 3124 quamquam
478 3075 512 3084 -υ
536 3059 645 3100 aarum
668 3046 773 3098 tamea
795 3033 970 3108 Eun.173;

243 3149 298 3206 aut
321 3142 347 3206 si
370 3141 526 3224 particule
548 3140 723 3205 sententiae
746 3138 943 3205 concessivae
965 3134 1027 3218 ipsi
1048 3137 1206 3212 inseritur,
1236 3155 1287 3201 ve·

156 3245 206 3309 lut
227 3244 258 3308 in
282 3262 329 3308 55.
353 3244 465 3326 Amph.
488 3244 566 3309 491:
592 3241 819 3321 ‘Quamquam
849 3245 885 3304 ut
909 3240 970 3304 iam
995 3239 1112 3304 dudum
1136 3237 1214 3320 dixi,
1238 3259 1287 3306 re·

159 3346 271 3412 sciscat
293 3353 398 3412 tamen
421 3345 609 3427 Amphitruo
632 3361 756 3408 omnem
780 3339 875 3416 rem',
898 3347 931 3407 55
952 3342 1144 3426 Haut.119;

242 3455 298 3515 aut
313 3449 340 3513 si
354 3456 426 3531 post
441 3449 626 3513 senteutiam
643 3443 776 3527 simplici
792 3444 827 3507 ei
837 3443 886 3509 551
901 3454 937 3507 at
951 3454 987 3506 ut
1003 3448 1136 3528 [quanto
1151 3445 1285 3530 quanto]

158 3551 316 3617 vocabulis
340 3552 455 3617 elatam
478 3551 614 3633 positum
638 3555 695 3626 est,
718 3546 860 3611 velutin
888 3565 936 3612 55.
960 3545 1026 3611 Μ11.
1047 3547 1120 3610 747.
1139 3547 1216 3611 748:
1239 3544 1285 3612 ‘Si

157 3653 219 3718 iilis
242 3660 368 3735 aegrest
394 3652 471 3717 mihi
500 3653 583 3735 quod
612 3650 706 3731 volup
737 3654 786 3714 est
808 3684 849 3697 ·-
872 3654 977 3713 tamen
1008 3648 1040 3713 id
1071 3648 1154 3731 quod
1182 3649 1286 3716 odiost

156 3754 396 3828 faciundumst,
420 3754 512 3822 Cure.
529 3755 557 3818 5.
576 3753 609 3816 6:
628 3748 674 3818 tSi
689 3758 792 3818 status
807 3750 970 3818 condictus
986 3771 1055 3818 cum
1077 3752 1168 3817 hoste
1190 3754 1286 3819 inter·

157 3858 241 3924 cedit
269 3857 354 3936 dies,
383 3863 489 3923 tamen
518 3863 567 3921 est
597 3852 765 3935 eundum'‚
799 3852 865 3919 Mil.
884 3854 959 3935 189,
989 3854 1082 3919 Truc.
1098 3855 1152 3934 IV,
1177 3854 1206 3933 3,
1230 3855 1285 3936 59,

156 3961 244 4037 11,7,
264 3960 320 4040 13,
352 3959 440 4040 Capt.
458 3959 535 4038 224,
564 3958 642 4023 0155.
658 3957 683 4038 Ι,
701 3960 730 4033 1,
746 3958 801 4036 69,
830 3955 923 4022 Caco.
946 3954 983 4021 fr.
1008 3974 1034 4021 c.
1052 3957 1122 4035 144,
1151 3953 1220 4022 Ι55.
1245 3956 1283 4022 fr.

157 4081 183 4128 c.
200 4064 236 4142 4,
268 4062 345 4127 Luc.
378 4061 413 4125 I..
433 4061 504 4140 148,
522 4061 601 4141 671,
637 4058 725 4126 Oato.
741 4060 771 4125 J.
802 4079 832 4142 p.
849 4057 901 4138 83,
922 4059 952 4122 6.
979 4057 1096 4141 (Poen.
1123 4058 1283 4142 prothi),
1333 4052 1336 4057 ’

155 4163 213 4231 Ρ5.
232 4165 311 4229 531:
336 4159 413 4229 ‘Sed
436 4169 471 4229 ut
495 4169 531 4229 ut
553 4163 631 4228 haec
654 4167 736 4244 suut,
760 4167 864 4228 tamen
886 4158 1095 4321 155515515ιῖ,
1119 4159 1188 4238 [Ph.
1205 4160 1282 4231 904:
