2888 4770
631 410 672 477 33

33 621 37 628 '
86 644 156 708 qao,
179 630 245 697 aut,
269 616 331 699 oel,
353 638 451 704 aeque
473 616 646 700 particulas
668 617 855 684 adnectitur.
900 615 1022 684 Causae
1044 635 1101 684 cur
1122 635 1211 684 voea-

87 724 196 792 bulum
218 722 347 806 aliquod
369 721 486 787 maiore
514 721 545 786 vi
573 720 722 788 efferatur
749 726 812 785 tam
839 719 946 786 variae
974 738 1042 786 esse
1071 724 1211 801 possunt,

83 832 124 893 ut
138 845 192 892 eas
206 826 266 894 hoc
280 826 347 891 loco
368 823 512 891 omittere
536 823 613 889 mihi
635 824 744 904 liceat;
766 821 897 905 singulis
919 827 1025 889 autem
1047 821 1133 901 locis,
1157 821 1211 888 ubi

86 930 298 997 necessarium
321 945 389 993 esse
412 927 579 1005 videbitur,
603 945 656 993 eas
678 926 844 1009 proferam.

178 1028 259 1097 Haec
282 1048 357 1096 vero
378 1031 429 1095 lex
451 1030 670 1096 constituenda
692 1029 818 1095 videtur
845 1026 924 1094 odeo
953 1027 1104 1095 vocabulo
1127 1027 1212 1112 quod

94 1133 263 1200 intenditur
285 1149 407 1216 semper
429 1138 638 1214 postponatur
659 1132 794 1213 primum
817 1150 837 1197 a
858 1131 1010 1198 vocabulo
1040 1130 1142 1198 locum
1165 1136 1213 1197 te-

88 1255 168 1304 nens
190 1240 347 1318 oportere.

177 1343 281 1423 Atque
302 1338 436 1420 primum
459 1337 586 1421 quidem
602 1356 640 1404 ea
655 1335 818 1404 enuntiata
833 1337 1030 1417 enumerabo,
1053 1336 1214 1417 inquibus

87 1441 169 1509 adeo
191 1442 326 1508 verbis
348 1440 528 1522 appositum
551 1445 609 1506 est.

175 1546 273 1611 Haut.
296 1562 324 1609 ι.
343 1544 419 1609 172:
448 1538 600 1625 ‘Egomet
622 1542 768 1609 convivas
798 1561 919 1623 moror;
951 1542 1003 1608 ibo
1032 1543 1111 1609 adeo
1141 1540 1214 1608 hinc

87 1644 197 1715 intro'.
241 1646 300 1712 Ibo
321 1646 410 1712 verbi
433 1646 479 1711 vis
503 1647 554 1711 hic
576 1653 726 1728 augetur,
756 1651 792 1710 ut
813 1663 906 1728 quam
933 1645 1143 1711 necessarium
1173 1645 1215 1711 sit

88 1751 174 1817 intro
197 1749 285 1816 abire
307 1748 509 1830 significetur.
533 1749 571 1815 cl.
586 1749 683 1814 Mero.
700 1748 780 1813 329:
800 1741 903 1813 ‘Nunc
924 1747 1002 1814 adeo
1024 1748 1075 1814 ibo
1097 1743 1193 1814 illue’.

177 1853 276 1917 Andr.
297 1853 377 1918 759:
402 1847 564 1918 ‘Undestl
586 1888 628 1899 —
642 1852 700 1935 ΙΙΑ
721 1851 811 1917 nobis
824 1851 839 1934 ΙΙ
854 1849 978 1916 Hahae:
1002 1852 1113 1916 mirum
1141 1871 1215 1919 vero

87 1957 290 2039 impudenter
312 1955 425 2019 mulier
446 1955 471 2019 si
495 1954 570 2019 iacit
593 1953 761 2019 meretrix?
776 1991 818 2001 -
842 1953 949 2019 Adeon
971 1952 1114 2019 videmur
1127 1955 1215 2020 robis

90 2078 162 2125 esse
183 2058 297 2138 idonei,
317 2058 349 2123 in
372 2058 486 2139 quibus
508 2056 554 2122 sie
576 2055 752 2123 inludatis?
770 2094 807 2105 -
830 2054 968 2139 Propera
990 2057 1068 2124 adeo
1084 2077 1215 2140 puerum

90 2160 203 2228 tollere
223 2159 294 2227 hinc
317 2160 356 2227 ab
378 2156 489 2224 ianua'
520 2159 563 2242 (n.
587 2159 616 2223 d.
639 2159 741 2225 ‘wirst
770 2159 813 2225 du
842 2160 920 2225 wohl
948 2160 1048 2242 gleich
1075 2159 1133 2226 auf
1160 2163 1217 2228 der

91 2261 233 2345 Stelle').

178 2362 234 2430 Ph.
252 2365 331 2430 645:
360 2360 474 2429 ‘Immo
497 2363 612 2428 malum
640 2363 758 2429 hercle:
795 2367 830 2427 ut
857 2363 934 2429 nihil
960 2362 1072 2446 pudet!
1093 2365 1107 2450 ΙΙ
1126 2366 1216 2445 Quod

91 2467 160 2533 dixi
173 2468 253 2534 adeo
269 2464 319 2533 ei’.
353 2466 452 2532 Haut.
470 2466 547 2532 565:
572 2462 685 2531 ‘Vidin
701 2485 758 2548 ego
774 2472 806 2532 te
822 2468 913 2533 modo
929 2486 1053 2533 manum
1068 2469 1100 2533 in
1116 2471 1217 2535 sinum

91 2570 168 2637 huic
183 2569 339 2636 meretrici
356 2568 519 2635 inserere?
535 2568 550 2651 ΙΙ
563 2605 604 2614 —-
621 2568 717 2634 Men?
737 2569 750 2652 ΙΙ
770 2570 828 2635 His
851 2570 958 2648 oculis,
981 2587 1020 2634 ne
1035 2589 1125 2651 nega.
1159 2570 1217 2638 Fa·

93 2673 139 2741 eis
167 2676 246 2740 adeo
276 2673 405 2756 indigne
434 2669 579 2737 iniuriam
612 2671 673 2751 iili,
706 2672 759 2751 qui
793 2690 854 2737 non
882 2672 1042 2738 abstineas
1074 2693 1217 2741 manum:

94 2794 169 2843 nam
189 2773 275 2843 eto'.

179 2878 256 2944 Hoc.
270 2878 351 2944 524:
370 2874 443 2943 Vir
458 2896 516 2959 ego
531 2883 602 2942 tuos
618 2877 700 2941 simi
725 2873 834 2942 Tu
806 2895 906 2941 mrum
923 2896 971 2944 me
986 2885 1043 2945 aut
1029 2878 1218 2945 thominem

94 2981 229 3061 deputas
250 2981 330 3046 adeo
352 2975 455 3046 essei'
494 2980 665 3061 Phidippus
687 2979 800 3045 mirum
823 2980 883 3046 sibi
913 2979 1014 3047 videri
1037 2980 1112 3048 dicit
1134 2981 1219 3064 Myr·

95 3082 196 3208 ninam
217 3083 321 3164 ipsum
343 3102 378 3148 re
399 3100 475 3148 vera
497 3082 649 3165 deputare
671 3082 773 3147 virum
796 3082 838 3166 (n
855 3082 886 3147 d.
903 3078 965 3163 du
986 3084 1113 3167 glaubst
1127 3082 1218 3149 uirk-

182 3284 251 3354 Huc
273 3288 409 3369 pertinet
431 3290 526 3354 etiam
548 3288 623 3354 Heo.
640 3308 669 3354 ι.
685 3290 763 3355 695;
792 3285 965 3371 Confingis
989 3287 1083 3356 salsas
1105 3308 1217 3357 causes

93 3390 136 3457 ad
158 3389 362 3470 discordiam,
390 3398 427 3456 ut
455 3409 525 3456 cum
552 3391 606 3457 illa
628 3392 731 3472 vivas,
760 3397 871 3457 testem
898 3392 978 3457 hano
1008 3410 1077 3458 cum
1107 3394 1164 3460 abs
1186 3398 1219 3460 te

95 3494 268 3560 amoverist
301 3495 464 3576 sensitque
498 3494 576 3560 adeo
610 3513 698 3561 uxor.
726 3514 797 3560 uam
820 3491 905 3561 etc'.
950 3493 1134 3564 Enuntiatio
1162 3516 1219 3581 per

92 3616 154 3681 qao
175 3595 298 3662 adnexa
320 3597 370 3662 hic
393 3614 453 3662 uon
477 3596 606 3678 gravius
628 3598 746 3679 aliquid
768 3598 855 3664 addit
883 3603 920 3664 ut
948 3600 986 3664 iis
1014 3617 1093 3682 quos
1123 3618 1219 3682 supra

91 3696 214 3780 protuli
240 3699 332 3779 locis,
367 3698 421 3765 ubi
457 3721 516 3784 que
545 3697 623 3765 adeo
657 3699 823 3766 coniuncta
850 3699 1008 3783 leguntur.
1052 3699 1141 3766 Adeo
1169 3703 1219 3769 hic
1248 3691 1250 3694 ’

93 3802 256 3867 artissime
271 3819 341 3867 cum
357 3802 453 3865 serait
474 3803 625 3869 vocabulo
648 3803 894 3886 componendum
917 3809 974 3880 est,
996 3803 1099 3870 itaut
1120 3805 1219 3874 notio

91 3921 167 3969 nem
191 3903 332 3970 vocabuli
356 3905 507 3971 intendat.
541 3905 661 3972 Laches
677 3905 709 3970 id
725 3903 922 3989 potissimum
936 3904 1061 3987 premit,
1083 3906 1218 3973 sensisse

92 4022 226 4071 uxorem
248 4005 350 4072 uirum
372 4007 468 4073 ialsas
491 4008 667 4091 confingere
690 4026 811 4074 causas.

183 4108 277 4191 Apud
300 4108 447 4176 Plautum
470 4111 531 4177 duo
555 4118 680 4177 exstant
700 4112 795 4176 huius
817 4129 894 4177 usus
916 4111 1073 4194 exempla:

182 4209 280 4279 hiere.
297 4212 351 4277 60:
380 4212 556 4298 ‘Interdum
580 4233 723 4280 mussans
745 4214 889 4297 conloqui
903 4215 1054 4281 abnuere:
1077 4213 1219 4296 negitare

998 4317 1016 4369 s
