<?xml version="1.0" encoding="UTF-8"?>
<!DOCTYPE html PUBLIC "-//W3C//DTD XHTML 1.0 Transitional//EN"
    "http://www.w3.org/TR/xhtml1/DTD/xhtml1-transitional.dtd">
<html xmlns="http://www.w3.org/1999/xhtml" xml:lang="en" lang="en">
 <head>
  <title>
</title>
<meta http-equiv="Content-Type" content="text/html;charset=utf-8" />
  <meta name='ocr-system' content='tesseract 3.04.00' />
  <meta name='ocr-capabilities' content='ocr_page ocr_carea ocr_par ocr_line ocrx_word'/>
</head>
<body>
  <div class='ocr_page' id='page_1' title='image "./observationesgr00braugoog/observationesgr00braugoog_0039.png"; bbox 0 0 2888 4770; ppageno 0'>
   <div class='ocr_carea' id='block_1_1' title="bbox 689 369 883 470">
    <p class='ocr_par' dir='ltr' id='par_1_1' title="bbox 689 369 883 470">
     <span class='ocr_line' id='line_1_1' title="bbox 689 369 883 470; baseline -0.005 0"><span class='ocrx_word' id='word_1_1' title='bbox 689 369 883 470; x_wconf 55' lang='lat'>„34-</span> 
     </span>
    </p>
   </div>
   <div class='ocr_carea' id='block_1_2' title="bbox 221 574 1350 1587">
    <p class='ocr_par' dir='ltr' id='par_1_2' title="bbox 222 574 1350 866">
     <span class='ocr_line' id='line_1_2' title="bbox 223 574 1349 659; baseline 0.003 -20"><span class='ocrx_word' id='word_1_2' title='bbox 223 574 302 639; x_wconf 89' lang='lat' dir='ltr'>adeo</span> <span class='ocrx_word' id='word_1_3' title='bbox 325 593 374 641; x_wconf 90' lang='lat' dir='ltr'>me</span> <span class='ocrx_word' id='word_1_4' title='bbox 396 580 504 640; x_wconf 89' lang='lat' dir='ltr'>natum</span> <span class='ocrx_word' id='word_1_5' title='bbox 527 581 642 655; x_wconf 84' lang='lat' dir='ltr'>suum&#39;‚</span> <span class='ocrx_word' id='word_1_6' title='bbox 666 596 727 659; x_wconf 90' lang='lat' dir='ltr'>quo</span> <span class='ocrx_word' id='word_1_7' title='bbox 749 576 818 644; x_wconf 88' lang='lat' dir='ltr'>loco</span> <span class='ocrx_word' id='word_1_8' title='bbox 841 575 1022 659; x_wconf 87' lang='lat' dir='ltr'>Langenius</span> <span class='ocrx_word' id='word_1_9' title='bbox 1038 574 1116 641; x_wconf 84' lang='lat' dir='ltr'>odeo</span> <span class='ocrx_word' id='word_1_10' title='bbox 1132 577 1234 643; x_wconf 85' lang='lat' dir='ltr'>verbis</span> <span class='ocrx_word' id='word_1_11' title='bbox 1251 575 1349 658; x_wconf 79' lang='lat' dir='ltr'>daza,</span> 
     </span>
     <span class='ocr_line' id='line_1_3' title="bbox 223 675 1350 760; baseline 0.009 -21"><span class='ocrx_word' id='word_1_12' title='bbox 223 675 299 741; x_wconf 77' lang='lat' dir='ltr'>acob</span> <span class='ocrx_word' id='word_1_13' title='bbox 332 675 416 742; x_wconf 77' lang='lat' dir='ltr'>daza</span> <span class='ocrx_word' id='word_1_14' title='bbox 449 696 510 743; x_wconf 90' lang='lat' dir='ltr'>non</span> <span class='ocrx_word' id='word_1_15' title='bbox 543 684 628 744; x_wconf 92' lang='lat' dir='ltr'>recte</span> <span class='ocrx_word' id='word_1_16' title='bbox 661 680 897 760; x_wconf 88' lang='lat' dir='ltr'>interpretatur.</span> <span class='ocrx_word' id='word_1_17' title='bbox 946 677 1036 743; x_wconf 85' lang='lat' dir='ltr'>Adeo</span> <span class='ocrx_word' id='word_1_18' title='bbox 1066 679 1221 760; x_wconf 88' lang='lat' dir='ltr'>particula</span> <span class='ocrx_word' id='word_1_19' title='bbox 1248 683 1350 749; x_wconf 89' lang='lat' dir='ltr'>verbo</span> 
     </span>
     <span class='ocr_line' id='line_1_4' title="bbox 222 780 1347 866; baseline 0.004 -23"><span class='ocrx_word' id='word_1_20' title='bbox 222 780 363 866; x_wconf 69' lang='lat' dir='ltr'>capitone</span> <span class='ocrx_word' id='word_1_21' title='bbox 385 780 493 846; x_wconf 87' lang='lat' dir='ltr'>addita</span> <span class='ocrx_word' id='word_1_22' title='bbox 513 799 634 847; x_wconf 89' lang='lat' dir='ltr'>summa</span> <span class='ocrx_word' id='word_1_23' title='bbox 648 784 715 848; x_wconf 92' lang='lat' dir='ltr'>eius</span> <span class='ocrx_word' id='word_1_24' title='bbox 731 783 785 863; x_wconf 88' lang='lat' dir='ltr'>qui</span> <span class='ocrx_word' id='word_1_25' title='bbox 800 783 937 866; x_wconf 91' lang='lat' dir='ltr'>loquitur</span> <span class='ocrx_word' id='word_1_26' title='bbox 952 783 1123 864; x_wconf 83' lang='lat' dir='ltr'>indignatio</span> <span class='ocrx_word' id='word_1_27' title='bbox 1139 783 1347 864; x_wconf 87' lang='lat' dir='ltr'>significatur.</span> 
     </span>
    </p>

    <p class='ocr_par' dir='ltr' id='par_1_3' title="bbox 221 883 1348 1587">
     <span class='ocr_line' id='line_1_5' title="bbox 307 883 1348 968; baseline 0.006 -21"><span class='ocrx_word' id='word_1_28' title='bbox 307 883 397 949; x_wconf 81' lang='lat' dir='ltr'><strong>Alter</strong></span> <span class='ocrx_word' id='word_1_29' title='bbox 418 884 504 949; x_wconf 91' lang='lat' dir='ltr'>locus</span> <span class='ocrx_word' id='word_1_30' title='bbox 527 889 575 950; x_wconf 89' lang='lat' dir='ltr'>est</span> <span class='ocrx_word' id='word_1_31' title='bbox 597 885 678 950; x_wconf 91' lang='lat' dir='ltr'>Rud.</span> <span class='ocrx_word' id='word_1_32' title='bbox 702 905 730 949; x_wconf 87' lang='lat' dir='ltr'>v.</span> <span class='ocrx_word' id='word_1_33' title='bbox 748 886 846 951; x_wconf 87' lang='lat'>1388:</span> <span class='ocrx_word' id='word_1_34' title='bbox 875 886 1032 951; x_wconf 77' lang='lat' dir='ltr'>‘Dandum</span> <span class='ocrx_word' id='word_1_35' title='bbox 1057 886 1117 951; x_wconf 91' lang='lat' dir='ltr'>huc</span> <span class='ocrx_word' id='word_1_36' title='bbox 1148 891 1348 968; x_wconf 89' lang='lat' dir='ltr'>argentumst</span> 
     </span>
     <span class='ocr_line' id='line_1_6' title="bbox 222 986 1348 1068; baseline 0.004 -17"><span class='ocrx_word' id='word_1_37' title='bbox 222 988 369 1068; x_wconf 91' lang='lat' dir='ltr'>probum:</span> <span class='ocrx_word' id='word_1_38' title='bbox 399 986 431 1052; x_wconf 94' lang='lat' dir='ltr'>id</span> <span class='ocrx_word' id='word_1_39' title='bbox 455 1005 512 1068; x_wconf 91' lang='lat' dir='ltr'>ego</span> <span class='ocrx_word' id='word_1_40' title='bbox 535 989 681 1054; x_wconf 90' lang='lat' dir='ltr'>continuo</span> <span class='ocrx_word' id='word_1_41' title='bbox 703 988 775 1053; x_wconf 92' lang='lat' dir='ltr'>huic</span> <span class='ocrx_word' id='word_1_42' title='bbox 798 988 880 1054; x_wconf 84' lang='lat' dir='ltr'>dabo</span> <span class='ocrx_word' id='word_1_43' title='bbox 903 989 981 1054; x_wconf 88' lang='lat' dir='ltr'>adeo</span> <span class='ocrx_word' id='word_1_44' title='bbox 1004 1007 1053 1054; x_wconf 92' lang='lat' dir='ltr'>me</span> <span class='ocrx_word' id='word_1_45' title='bbox 1080 997 1116 1053; x_wconf 91' lang='lat' dir='ltr'>ut</span> <span class='ocrx_word' id='word_1_46' title='bbox 1143 987 1194 1054; x_wconf 93' lang='lat' dir='ltr'>hic</span> <span class='ocrx_word' id='word_1_47' title='bbox 1223 991 1348 1056; x_wconf 88' lang='lat' dir='ltr'>emittat</span> 
     </span>
     <span class='ocr_line' id='line_1_7' title="bbox 221 1087 1346 1176; baseline 0.007 -22"><span class='ocrx_word' id='word_1_48' title='bbox 221 1087 343 1156; x_wconf 90' lang='lat' dir='ltr'>manu&#39;.</span> <span class='ocrx_word' id='word_1_49' title='bbox 387 1090 616 1171; x_wconf 87' lang='lat' dir='ltr'>Fleckeisenus‚</span> <span class='ocrx_word' id='word_1_50' title='bbox 640 1090 793 1171; x_wconf 83' lang='lat' dir='ltr'>Handius,</span> <span class='ocrx_word' id='word_1_51' title='bbox 816 1092 977 1171; x_wconf 79' lang='lat' dir='ltr'>Hebriue,</span> <span class='ocrx_word' id='word_1_52' title='bbox 1003 1090 1193 1171; x_wconf 81' lang='lat' dir='ltr'>Freundius‚</span> <span class='ocrx_word' id='word_1_53' title='bbox 1224 1093 1346 1176; x_wconf 83' lang='lat' dir='ltr'>Lange·</span> 
     </span>
     <span class='ocr_line' id='line_1_8' title="bbox 223 1192 1345 1277; baseline 0.003 -19"><span class='ocrx_word' id='word_1_54' title='bbox 223 1195 294 1259; x_wconf 93' lang='lat' dir='ltr'>nius</span> <span class='ocrx_word' id='word_1_55' title='bbox 318 1201 390 1276; x_wconf 89' lang='lat' dir='ltr'>post</span> <span class='ocrx_word' id='word_1_56' title='bbox 413 1192 494 1258; x_wconf 85' lang='lat' dir='ltr'>dabo</span> <span class='ocrx_word' id='word_1_57' title='bbox 517 1196 788 1277; x_wconf 83' lang='lat' dir='ltr'>interpunxernnt,</span> <span class='ocrx_word' id='word_1_58' title='bbox 812 1215 881 1260; x_wconf 88' lang='lat' dir='ltr'>curn</span> <span class='ocrx_word' id='word_1_59' title='bbox 907 1193 984 1259; x_wconf 85' lang='lat' dir='ltr'>adeo</span> <span class='ocrx_word' id='word_1_60' title='bbox 1005 1205 1041 1258; x_wconf 80' lang='lat' dir='ltr'>at</span> <span class='ocrx_word' id='word_1_61' title='bbox 1063 1195 1345 1275; x_wconf 83' lang='lat' dir='ltr'>interpretarentur</span> 
     </span>
     <span class='ocr_line' id='line_1_9' title="bbox 223 1280 1346 1378; baseline 0.004 -18"><span class='ocrx_word' id='word_1_62' title='bbox 223 1295 397 1363; x_wconf 85' lang='lat' dir='ltr'>vocabulis:</span> <span class='ocrx_word' id='word_1_63' title='bbox 427 1297 462 1361; x_wconf 81' lang='lat' dir='ltr'>c&#39;n</span> <span class='ocrx_word' id='word_1_64' title='bbox 486 1295 541 1360; x_wconf 82' lang='lat' dir='ltr'>der</span> <span class='ocrx_word' id='word_1_65' title='bbox 563 1297 696 1361; x_wconf 81' lang='lat' dir='ltr'>Abse&#39;clzt</span> <span class='ocrx_word' id='word_1_66' title='bbox 720 1297 812 1378; x_wconf 81' lang='lat' dir='ltr'>dosa,</span> <span class='ocrx_word' id='word_1_67' title='bbox 839 1280 883 1360; x_wconf 52' lang='lat' dir='ltr'>‘aa</span> <span class='ocrx_word' id='word_1_68' title='bbox 907 1297 974 1361; x_wconf 82' lang='lat' dir='ltr'>dem</span> <span class='ocrx_word' id='word_1_69' title='bbox 997 1298 1125 1362; x_wconf 81' lang='lat' dir='ltr'>Zaoeolce</span> <span class='ocrx_word' id='word_1_70' title='bbox 1153 1296 1238 1361; x_wconf 82' lang='lat' dir='ltr'>dass.</span> <span class='ocrx_word' id='word_1_71' title='bbox 1281 1296 1346 1364; x_wconf 86' lang='lat' dir='ltr'>Sed</span> 
     </span>
     <span class='ocr_line' id='line_1_10' title="bbox 224 1399 1347 1486; baseline 0.005 -23"><span class='ocrx_word' id='word_1_72' title='bbox 224 1417 346 1465; x_wconf 88' lang='lat' dir='ltr'>errasse</span> <span class='ocrx_word' id='word_1_73' title='bbox 368 1399 528 1479; x_wconf 85' lang='lat' dir='ltr'>uidentur,</span> <span class='ocrx_word' id='word_1_74' title='bbox 556 1402 629 1482; x_wconf 90' lang='lat' dir='ltr'>quia</span> <span class='ocrx_word' id='word_1_75' title='bbox 652 1400 737 1468; x_wconf 90' lang='lat' dir='ltr'>nullo</span> <span class='ocrx_word' id='word_1_76' title='bbox 759 1403 851 1467; x_wconf 92' lang='lat' dir='ltr'>modo</span> <span class='ocrx_word' id='word_1_77' title='bbox 873 1405 998 1486; x_wconf 89' lang='lat' dir='ltr'>probari</span> <span class='ocrx_word' id='word_1_78' title='bbox 1026 1409 1130 1486; x_wconf 90' lang='lat' dir='ltr'>potest</span> <span class='ocrx_word' id='word_1_79' title='bbox 1155 1401 1234 1467; x_wconf 84' lang='lat' dir='ltr'>odeo</span> <span class='ocrx_word' id='word_1_80' title='bbox 1261 1405 1347 1486; x_wconf 92' lang='lat' dir='ltr'>apud</span> 
     </span>
     <span class='ocr_line' id='line_1_11' title="bbox 223 1502 1347 1587; baseline 0.004 -21"><span class='ocrx_word' id='word_1_81' title='bbox 223 1502 342 1583; x_wconf 89' lang='lat' dir='ltr'>priscos</span> <span class='ocrx_word' id='word_1_82' title='bbox 359 1502 485 1584; x_wconf 88' lang='lat' dir='ltr'>quidem</span> <span class='ocrx_word' id='word_1_83' title='bbox 501 1502 669 1584; x_wconf 84' lang='lat' dir='ltr'>scriptores</span> <span class='ocrx_word' id='word_1_84' title='bbox 685 1505 767 1568; x_wconf 89' lang='lat' dir='ltr'>idem</span> <span class='ocrx_word' id='word_1_85' title='bbox 783 1504 887 1571; x_wconf 88' lang='lat' dir='ltr'>valere</span> <span class='ocrx_word' id='word_1_86' title='bbox 903 1511 997 1586; x_wconf 87' lang='lat' dir='ltr'>atque</span> <span class='ocrx_word' id='word_1_87' title='bbox 1014 1527 1046 1568; x_wconf 81' lang='lat' dir='ltr'>eo</span> <span class='ocrx_word' id='word_1_88' title='bbox 1059 1505 1235 1587; x_wconf 74' lang='lat' dir='ltr'>eoncili0*).</span> <span class='ocrx_word' id='word_1_89' title='bbox 1268 1505 1347 1572; x_wconf 87' lang='lat' dir='ltr'>Loci</span> 
     </span>
    </p>
   </div>
   <div class='ocr_carea' id='block_1_3' title="bbox 113 1604 1348 1689">
    <p class='ocr_par' dir='ltr' id='par_1_4' title="bbox 113 1604 1348 1689">
     <span class='ocr_line' id='line_1_12' title="bbox 113 1604 1348 1689; baseline 0.005 -21"><span class='ocrx_word' id='word_1_90' title='bbox 113 1633 117 1642; x_wconf 95' lang='lat'><em>·</em></span> <span class='ocrx_word' id='word_1_91' title='bbox 224 1605 304 1669; x_wconf 90' lang='lat' dir='ltr'>enim</span> <span class='ocrx_word' id='word_1_92' title='bbox 327 1606 380 1687; x_wconf 88' lang='lat' dir='ltr'>qui</span> <span class='ocrx_word' id='word_1_93' title='bbox 402 1604 577 1671; x_wconf 87' lang='lat' dir='ltr'>afferuntur</span> <span class='ocrx_word' id='word_1_94' title='bbox 599 1606 640 1671; x_wconf 87' lang='lat' dir='ltr'>ad</span> <span class='ocrx_word' id='word_1_95' title='bbox 662 1607 742 1672; x_wconf 90' lang='lat' dir='ltr'>hanc</span> <span class='ocrx_word' id='word_1_96' title='bbox 764 1607 938 1689; x_wconf 86' lang='lat' dir='ltr'>particulae</span> <span class='ocrx_word' id='word_1_97' title='bbox 961 1608 1120 1674; x_wconf 88' lang='lat' dir='ltr'>notionem</span> <span class='ocrx_word' id='word_1_98' title='bbox 1142 1609 1348 1688; x_wconf 88' lang='lat' dir='ltr'>comproban-</span> 
     </span>
    </p>
   </div>
   <div class='ocr_carea' id='block_1_4' title="bbox 223 1705 1347 2305">
    <p class='ocr_par' dir='ltr' id='par_1_5' title="bbox 223 1705 1347 2305">
     <span class='ocr_line' id='line_1_13' title="bbox 224 1705 1347 1778; baseline 0.004 -4"><span class='ocrx_word' id='word_1_99' title='bbox 224 1707 398 1774; x_wconf 90' lang='lat' dir='ltr'>damalius</span> <span class='ocrx_word' id='word_1_100' title='bbox 428 1716 502 1774; x_wconf 91' lang='lat' dir='ltr'>sunt</span> <span class='ocrx_word' id='word_1_101' title='bbox 529 1711 725 1776; x_wconf 88' lang='lat' dir='ltr'>condicionis.</span> <span class='ocrx_word' id='word_1_102' title='bbox 771 1709 806 1775; x_wconf 92' lang='lat' dir='ltr'>In</span> <span class='ocrx_word' id='word_1_103' title='bbox 831 1711 1012 1776; x_wconf 88' lang='lat' dir='ltr'>Aululariae</span> <span class='ocrx_word' id='word_1_104' title='bbox 1041 1710 1122 1776; x_wconf 92' lang='lat' dir='ltr'>enim</span> <span class='ocrx_word' id='word_1_105' title='bbox 1145 1730 1173 1774; x_wconf 86' lang='lat' dir='ltr'>v.</span> <span class='ocrx_word' id='word_1_106' title='bbox 1191 1709 1269 1774; x_wconf 82' lang='lat'><strong>739:</strong></span> <span class='ocrx_word' id='word_1_107' title='bbox 1292 1705 1347 1778; x_wconf 78' lang='lat' dir='ltr'>‘ld</span> 
     </span>
     <span class='ocr_line' id='line_1_14' title="bbox 223 1811 1347 1894; baseline 0.003 -18"><span class='ocrx_word' id='word_1_108' title='bbox 223 1812 302 1877; x_wconf 89' lang='lat' dir='ltr'>adeo</span> <span class='ocrx_word' id='word_1_109' title='bbox 324 1819 356 1877; x_wconf 90' lang='lat' dir='ltr'>te</span> <span class='ocrx_word' id='word_1_110' title='bbox 378 1819 501 1877; x_wconf 89' lang='lat' dir='ltr'>oratum</span> <span class='ocrx_word' id='word_1_111' title='bbox 524 1813 664 1893; x_wconf 87' lang='lat' dir='ltr'>advenio,</span> <span class='ocrx_word' id='word_1_112' title='bbox 687 1823 724 1878; x_wconf 91' lang='lat' dir='ltr'>ut</span> <span class='ocrx_word' id='word_1_113' title='bbox 745 1814 849 1879; x_wconf 91' lang='lat' dir='ltr'>animo</span> <span class='ocrx_word' id='word_1_114' title='bbox 865 1831 965 1894; x_wconf 88' lang='lat' dir='ltr'>aequo</span> <span class='ocrx_word' id='word_1_115' title='bbox 982 1815 1125 1894; x_wconf 85' lang='lat' dir='ltr'>ignoscas</span> <span class='ocrx_word' id='word_1_116' title='bbox 1141 1813 1241 1893; x_wconf 89' lang='lat' dir='ltr'>mibi’,</span> <span class='ocrx_word' id='word_1_117' title='bbox 1266 1811 1347 1879; x_wconf 82' lang='lat' dir='ltr'>adeo</span> 
     </span>
     <span class='ocr_line' id='line_1_15' title="bbox 224 1913 1345 1994; baseline 0.003 -15"><span class='ocrx_word' id='word_1_118' title='bbox 224 1933 394 1994; x_wconf 91' lang='lat' dir='ltr'>pronomen</span> <span class='ocrx_word' id='word_1_119' title='bbox 421 1913 459 1977; x_wconf 80' lang='lat' dir='ltr'>n&#39;d</span> <span class='ocrx_word' id='word_1_120' title='bbox 485 1916 621 1982; x_wconf 90' lang='lat' dir='ltr'>intendit</span> <span class='ocrx_word' id='word_1_121' title='bbox 649 1924 681 1982; x_wconf 89' lang='lat' dir='ltr'>et</span> <span class='ocrx_word' id='word_1_122' title='bbox 709 1916 904 1981; x_wconf 89' lang='lat' dir='ltr'>enuntiatum</span> <span class='ocrx_word' id='word_1_123' title='bbox 934 1917 1153 1981; x_wconf 91' lang='lat' dir='ltr'>secundarium</span> <span class='ocrx_word' id='word_1_124' title='bbox 1182 1936 1220 1981; x_wconf 83' lang='lat' dir='ltr'>ex</span> <span class='ocrx_word' id='word_1_125' title='bbox 1248 1917 1345 1982; x_wconf 89' lang='lat' dir='ltr'>verbo</span> 
     </span>
     <span class='ocr_line' id='line_1_16' title="bbox 224 2015 1344 2100; baseline -0.003 -17"><span class='ocrx_word' id='word_1_126' title='bbox 224 2019 332 2083; x_wconf 91' lang='lat' dir='ltr'>orandi</span> <span class='ocrx_word' id='word_1_127' title='bbox 347 2019 473 2100; x_wconf 88' lang='lat' dir='ltr'>pendet.</span> <span class='ocrx_word' id='word_1_128' title='bbox 507 2018 627 2082; x_wconf 86' lang='lat' dir='ltr'>Eodem</span> <span class='ocrx_word' id='word_1_129' title='bbox 642 2036 771 2082; x_wconf 91' lang='lat' dir='ltr'>munere</span> <span class='ocrx_word' id='word_1_130' title='bbox 782 2017 924 2098; x_wconf 82' lang='lat' dir='ltr'>iungitur</span> <span class='ocrx_word' id='word_1_131' title='bbox 937 2015 1013 2080; x_wconf 84' lang='lat' dir='ltr'>adeo</span> <span class='ocrx_word' id='word_1_132' title='bbox 1025 2019 1055 2081; x_wconf 93' lang='lat' dir='ltr'>in</span> <span class='ocrx_word' id='word_1_133' title='bbox 1069 2017 1140 2082; x_wconf 83' lang='lat' dir='ltr'>Cas.</span> <span class='ocrx_word' id='word_1_134' title='bbox 1154 2037 1181 2081; x_wconf 86' lang='lat' dir='ltr'>v.</span> <span class='ocrx_word' id='word_1_135' title='bbox 1196 2017 1249 2095; x_wconf 81' lang='grc' dir='ltr'>ΙΙΙ,</span> <span class='ocrx_word' id='word_1_136' title='bbox 1266 2016 1294 2096; x_wconf 87' lang='grc'>3,</span> <span class='ocrx_word' id='word_1_137' title='bbox 1313 2018 1344 2080; x_wconf 90' lang='grc'>6.</span> 
     </span>
     <span class='ocr_line' id='line_1_17' title="bbox 225 2115 1343 2202; baseline -0.001 -17"><span class='ocrx_word' id='word_1_138' title='bbox 225 2121 260 2186; x_wconf 90' lang='lat' dir='ltr'>In</span> <span class='ocrx_word' id='word_1_139' title='bbox 283 2119 328 2185; x_wconf 87' lang='lat' dir='ltr'>St.</span> <span class='ocrx_word' id='word_1_140' title='bbox 351 2142 380 2186; x_wconf 86' lang='lat' dir='ltr'>v.</span> <span class='ocrx_word' id='word_1_141' title='bbox 396 2121 473 2187; x_wconf 80' lang='lat'>701:</span> <span class='ocrx_word' id='word_1_142' title='bbox 502 2115 578 2187; x_wconf 75' lang='lat' dir='ltr'>‘nbi</span> <span class='ocrx_word' id='word_1_143' title='bbox 600 2128 635 2185; x_wconf 93' lang='lat' dir='ltr'>tu</span> <span class='ocrx_word' id='word_1_144' title='bbox 659 2139 734 2186; x_wconf 89' lang='lat' dir='ltr'>sane</span> <span class='ocrx_word' id='word_1_145' title='bbox 757 2121 907 2202; x_wconf 90' lang='lat' dir='ltr'>superior.</span> <span class='ocrx_word' id='word_1_146' title='bbox 931 2127 1026 2200; x_wconf 90' lang='lat' dir='ltr'>atque</span> <span class='ocrx_word' id='word_1_147' title='bbox 1048 2121 1126 2184; x_wconf 91' lang='lat' dir='ltr'>adeo</span> <span class='ocrx_word' id='word_1_148' title='bbox 1150 2126 1184 2184; x_wconf 94' lang='lat' dir='ltr'>ut</span> <span class='ocrx_word' id='word_1_149' title='bbox 1204 2127 1238 2183; x_wconf 90' lang='lat' dir='ltr'>tn</span> <span class='ocrx_word' id='word_1_150' title='bbox 1261 2120 1343 2184; x_wconf 88' lang='lat' dir='ltr'>scire</span> 
     </span>
     <span class='ocr_line' id='line_1_18' title="bbox 224 2218 1344 2305; baseline -0.005 -17"><span class='ocrx_word' id='word_1_151' title='bbox 224 2224 324 2305; x_wconf 91' lang='lat' dir='ltr'>possis</span> <span class='ocrx_word' id='word_1_152' title='bbox 346 2229 437 2305; x_wconf 91' lang='lat' dir='ltr'>pacto</span> <span class='ocrx_word' id='word_1_153' title='bbox 459 2223 518 2290; x_wconf 90' lang='lat' dir='ltr'>hoc</span> <span class='ocrx_word' id='word_1_154' title='bbox 541 2230 641 2288; x_wconf 91' lang='lat' dir='ltr'>tecum</span> <span class='ocrx_word' id='word_1_155' title='bbox 666 2223 770 2290; x_wconf 91' lang='lat' dir='ltr'>divido</span> <span class='ocrx_word' id='word_1_156' title='bbox 793 2218 876 2298; x_wconf 88' lang='lat' dir='ltr'>etc.&#39;‚</span> <span class='ocrx_word' id='word_1_157' title='bbox 904 2223 1035 2288; x_wconf 86' lang='lat' dir='ltr'>vidimus</span> <span class='ocrx_word' id='word_1_158' title='bbox 1059 2221 1137 2286; x_wconf 83' lang='lat' dir='ltr'>odeo</span> <span class='ocrx_word' id='word_1_159' title='bbox 1159 2241 1229 2288; x_wconf 92' lang='lat' dir='ltr'>cum</span> <span class='ocrx_word' id='word_1_160' title='bbox 1250 2230 1344 2304; x_wconf 79' lang='lat' dir='ltr'>atque</span> 
     </span>
    </p>
   </div>
   <div class='ocr_carea' id='block_1_5' title="bbox 116 2323 1345 2409">
    <p class='ocr_par' dir='ltr' id='par_1_6' title="bbox 116 2323 1345 2409">
     <span class='ocr_line' id='line_1_19' title="bbox 116 2323 1345 2409; baseline -0.001 -20"><span class='ocrx_word' id='word_1_161' title='bbox 116 2372 118 2389; x_wconf 91' lang='lat'>.</span> <span class='ocrx_word' id='word_1_162' title='bbox 224 2346 293 2392; x_wconf 89' lang='lat' dir='ltr'>esse</span> <span class='ocrx_word' id='word_1_163' title='bbox 315 2328 563 2408; x_wconf 87' lang='lat' dir='ltr'>coniungendum</span> <span class='ocrx_word' id='word_1_164' title='bbox 586 2334 618 2392; x_wconf 91' lang='lat' dir='ltr'>et</span> <span class='ocrx_word' id='word_1_165' title='bbox 637 2326 813 2409; x_wconf 85' lang='lat' dir='ltr'>significare</span> <span class='ocrx_word' id='word_1_166' title='bbox 828 2327 1052 2407; x_wconf 81' lang='lat' dir='ltr'>gradationem.</span> <span class='ocrx_word' id='word_1_167' title='bbox 1087 2327 1133 2391; x_wconf 91' lang='lat' dir='ltr'>De</span> <span class='ocrx_word' id='word_1_168' title='bbox 1151 2325 1219 2390; x_wconf 82' lang='lat' dir='ltr'>dul.</span> <span class='ocrx_word' id='word_1_169' title='bbox 1235 2342 1264 2389; x_wconf 87' lang='lat' dir='ltr'>v.</span> <span class='ocrx_word' id='word_1_170' title='bbox 1280 2323 1345 2388; x_wconf 81' lang='lat'>433</span> 
     </span>
    </p>
   </div>
   <div class='ocr_carea' id='block_1_6' title="bbox 185 2427 1403 4060">
    <p class='ocr_par' dir='ltr' id='par_1_7' title="bbox 221 2427 1403 3029">
     <span class='ocr_line' id='line_1_20' title="bbox 224 2427 1344 2513; baseline -0.003 -18"><span class='ocrx_word' id='word_1_171' title='bbox 224 2431 306 2495; x_wconf 89' lang='lat' dir='ltr'>infra</span> <span class='ocrx_word' id='word_1_172' title='bbox 328 2430 509 2496; x_wconf 89' lang='lat' dir='ltr'>videbimus.</span> <span class='ocrx_word' id='word_1_173' title='bbox 556 2430 709 2510; x_wconf 88' lang='lat' dir='ltr'>Equidem</span> <span class='ocrx_word' id='word_1_174' title='bbox 731 2428 857 2494; x_wconf 86' lang='lat' dir='ltr'>Holtzio</span> <span class='ocrx_word' id='word_1_175' title='bbox 885 2435 917 2493; x_wconf 88' lang='lat' dir='ltr'>et</span> <span class='ocrx_word' id='word_1_176' title='bbox 938 2429 1062 2498; x_wconf 67' lang='lat' dir='ltr'>Klotzio</span> <span class='ocrx_word' id='word_1_177' title='bbox 1085 2428 1187 2513; x_wconf 85' lang='lat' dir='ltr'>(Lex.)</span> <span class='ocrx_word' id='word_1_178' title='bbox 1209 2427 1344 2492; x_wconf 89' lang='lat' dir='ltr'>auctori·</span> 
     </span>
     <span class='ocr_line' id='line_1_21' title="bbox 224 2531 1345 2615; baseline -0.004 -16"><span class='ocrx_word' id='word_1_179' title='bbox 224 2535 283 2599; x_wconf 92' lang='lat' dir='ltr'>bus</span> <span class='ocrx_word' id='word_1_180' title='bbox 306 2541 377 2615; x_wconf 93' lang='lat' dir='ltr'>post</span> <span class='ocrx_word' id='word_1_181' title='bbox 398 2533 476 2598; x_wconf 84' lang='lat' dir='ltr'>adeo</span> <span class='ocrx_word' id='word_1_182' title='bbox 498 2535 529 2599; x_wconf 90' lang='lat' dir='ltr'>iu</span> <span class='ocrx_word' id='word_1_183' title='bbox 550 2534 704 2598; x_wconf 90' lang='lat' dir='ltr'>Rudentis</span> <span class='ocrx_word' id='word_1_184' title='bbox 725 2532 779 2597; x_wconf 94' lang='lat' dir='ltr'>illo</span> <span class='ocrx_word' id='word_1_185' title='bbox 801 2552 893 2598; x_wconf 86' lang='lat' dir='ltr'>versu</span> <span class='ocrx_word' id='word_1_186' title='bbox 916 2531 1199 2614; x_wconf 84' lang='lat' dir='ltr'>interpungendum</span> <span class='ocrx_word' id='word_1_187' title='bbox 1222 2548 1345 2610; x_wconf 87' lang='lat' dir='ltr'>censeo,</span> 
     </span>
     <span class='ocr_line' id='line_1_22' title="bbox 221 2634 1346 2718; baseline 0 -19"><span class='ocrx_word' id='word_1_188' title='bbox 221 2637 268 2700; x_wconf 90' lang='lat' dir='ltr'>ita</span> <span class='ocrx_word' id='word_1_189' title='bbox 290 2644 326 2701; x_wconf 89' lang='lat' dir='ltr'>ut</span> <span class='ocrx_word' id='word_1_190' title='bbox 347 2638 500 2718; x_wconf 88' lang='lat' dir='ltr'>particula</span> <span class='ocrx_word' id='word_1_191' title='bbox 523 2635 603 2700; x_wconf 84' lang='lat' dir='ltr'>dabo</span> <span class='ocrx_word' id='word_1_192' title='bbox 626 2637 754 2702; x_wconf 90' lang='lat' dir='ltr'>verbnm</span> <span class='ocrx_word' id='word_1_193' title='bbox 778 2654 847 2700; x_wconf 92' lang='lat' dir='ltr'>cnm</span> <span class='ocrx_word' id='word_1_194' title='bbox 870 2635 900 2699; x_wconf 87' lang='lat' dir='ltr'>vi</span> <span class='ocrx_word' id='word_1_195' title='bbox 923 2635 1041 2700; x_wconf 88' lang='lat' dir='ltr'>offerat.</span> <span class='ocrx_word' id='word_1_196' title='bbox 1077 2637 1249 2717; x_wconf 85' lang='lat' dir='ltr'>Argentum</span> <span class='ocrx_word' id='word_1_197' title='bbox 1270 2634 1346 2698; x_wconf 87' lang='lat' dir='ltr'>dan-</span> 
     </span>
     <span class='ocr_line' id='line_1_23' title="bbox 224 2736 1346 2822; baseline -0.003 -20"><span class='ocrx_word' id='word_1_198' title='bbox 224 2739 298 2803; x_wconf 91' lang='lat' dir='ltr'>dum</span> <span class='ocrx_word' id='word_1_199' title='bbox 321 2758 390 2804; x_wconf 89' lang='lat' dir='ltr'>esse</span> <span class='ocrx_word' id='word_1_200' title='bbox 413 2739 528 2822; x_wconf 88' lang='lat' dir='ltr'>Gripus</span> <span class='ocrx_word' id='word_1_201' title='bbox 553 2739 642 2813; x_wconf 91' lang='lat' dir='ltr'>dicit;</span> <span class='ocrx_word' id='word_1_202' title='bbox 665 2740 748 2819; x_wconf 89' lang='lat' dir='ltr'>quod</span> <span class='ocrx_word' id='word_1_203' title='bbox 772 2757 840 2805; x_wconf 90' lang='lat' dir='ltr'>cum</span> <span class='ocrx_word' id='word_1_204' title='bbox 865 2737 1074 2803; x_wconf 87' lang='lat' dir='ltr'>necessarium</span> <span class='ocrx_word' id='word_1_205' title='bbox 1098 2739 1154 2816; x_wconf 87' lang='lat' dir='ltr'>sit,</span> <span class='ocrx_word' id='word_1_206' title='bbox 1178 2755 1261 2802; x_wconf 91' lang='lat' dir='ltr'>nunc</span> <span class='ocrx_word' id='word_1_207' title='bbox 1282 2736 1346 2799; x_wconf 88' lang='lat' dir='ltr'>iam</span> 
     </span>
     <span class='ocr_line' id='line_1_24' title="bbox 225 2839 1403 2924; baseline -0.004 -16"><span class='ocrx_word' id='word_1_208' title='bbox 225 2861 258 2908; x_wconf 90' lang='lat' dir='ltr'>se</span> <span class='ocrx_word' id='word_1_209' title='bbox 280 2844 311 2907; x_wconf 92' lang='lat' dir='ltr'>id</span> <span class='ocrx_word' id='word_1_210' title='bbox 335 2843 481 2908; x_wconf 87' lang='lat' dir='ltr'>daturum</span> <span class='ocrx_word' id='word_1_211' title='bbox 504 2843 674 2924; x_wconf 90' lang='lat' dir='ltr'>praedicat.</span> <span class='ocrx_word' id='word_1_212' title='bbox 707 2839 796 2903; x_wconf 83' lang='lat' dir='ltr'>Adeo</span> <span class='ocrx_word' id='word_1_213' title='bbox 818 2841 965 2906; x_wconf 90' lang='lat' dir='ltr'>hocloco</span> <span class='ocrx_word' id='word_1_214' title='bbox 989 2840 1097 2906; x_wconf 89' lang='lat' dir='ltr'>eadem</span> <span class='ocrx_word' id='word_1_215' title='bbox 1120 2839 1240 2905; x_wconf 89' lang='lat' dir='ltr'>ratione</span> <span class='ocrx_word' id='word_1_216' title='bbox 1263 2840 1347 2920; x_wconf 91' lang='lat' dir='ltr'>posi·</span> <span class='ocrx_word' id='word_1_217' title='bbox 1398 2908 1403 2922; x_wconf 25' lang='grc' dir='ltr'>ι</span> 
     </span>
     <span class='ocr_line' id='line_1_25' title="bbox 225 2941 1316 3029; baseline -0.005 -19"><span class='ocrx_word' id='word_1_218' title='bbox 225 2952 291 3011; x_wconf 92' lang='lat' dir='ltr'>tum</span> <span class='ocrx_word' id='word_1_219' title='bbox 315 2953 481 3029; x_wconf 80' lang='lat' dir='ltr'>astatque</span> <span class='ocrx_word' id='word_1_220' title='bbox 504 2949 535 3010; x_wconf 93' lang='lat' dir='ltr'>in</span> <span class='ocrx_word' id='word_1_221' title='bbox 557 2945 654 3011; x_wconf 86' lang='lat' dir='ltr'>Haut.</span> <span class='ocrx_word' id='word_1_222' title='bbox 676 2946 730 3011; x_wconf 93' lang='lat' dir='ltr'>illo</span> <span class='ocrx_word' id='word_1_223' title='bbox 753 2944 924 3009; x_wconf 76' lang='lat' dir='ltr'>versu172</span> <span class='ocrx_word' id='word_1_224' title='bbox 946 2962 1038 3026; x_wconf 88' lang='lat' dir='ltr'>quem</span> <span class='ocrx_word' id='word_1_225' title='bbox 1062 2961 1158 3024; x_wconf 90' lang='lat' dir='ltr'>supra</span> <span class='ocrx_word' id='word_1_226' title='bbox 1179 2941 1316 3008; x_wconf 86' lang='lat' dir='ltr'>laudavi.</span> 
     </span>
    </p>

    <p class='ocr_par' dir='ltr' id='par_1_8' title="bbox 224 3043 1346 3442">
     <span class='ocr_line' id='line_1_26' title="bbox 310 3043 1346 3132; baseline -0.006 -17"><span class='ocrx_word' id='word_1_227' title='bbox 310 3049 430 3128; x_wconf 86' lang='lat' dir='ltr'>Quibus</span> <span class='ocrx_word' id='word_1_228' title='bbox 453 3049 529 3116; x_wconf 92' lang='lat' dir='ltr'>locis</span> <span class='ocrx_word' id='word_1_229' title='bbox 551 3051 702 3132; x_wconf 87' lang='lat' dir='ltr'>respectis</span> <span class='ocrx_word' id='word_1_230' title='bbox 724 3050 808 3114; x_wconf 89' lang='lat' dir='ltr'>haud</span> <span class='ocrx_word' id='word_1_231' title='bbox 832 3048 894 3114; x_wconf 91' lang='lat' dir='ltr'>scio</span> <span class='ocrx_word' id='word_1_232' title='bbox 915 3066 954 3112; x_wconf 92' lang='lat' dir='ltr'>an</span> <span class='ocrx_word' id='word_1_233' title='bbox 970 3047 1172 3129; x_wconf 88' lang='lat' dir='ltr'>probabiliter</span> <span class='ocrx_word' id='word_1_234' title='bbox 1188 3047 1219 3110; x_wconf 92' lang='lat' dir='ltr'>in</span> <span class='ocrx_word' id='word_1_235' title='bbox 1234 3043 1346 3109; x_wconf 91' lang='lat' dir='ltr'>Militis</span> 
     </span>
     <span class='ocr_line' id='line_1_27' title="bbox 224 3143 1346 3232; baseline -0.006 -14"><span class='ocrx_word' id='word_1_236' title='bbox 224 3173 253 3218; x_wconf 91' lang='lat' dir='ltr'>v.</span> <span class='ocrx_word' id='word_1_237' title='bbox 271 3153 360 3232; x_wconf 83' lang='lat'>1381,</span> <span class='ocrx_word' id='word_1_238' title='bbox 385 3155 437 3219; x_wconf 90' lang='lat' dir='ltr'>ubi</span> <span class='ocrx_word' id='word_1_239' title='bbox 460 3173 569 3219; x_wconf 90' lang='lat' dir='ltr'>versus</span> <span class='ocrx_word' id='word_1_240' title='bbox 592 3173 720 3219; x_wconf 92' lang='lat' dir='ltr'>mancus</span> <span class='ocrx_word' id='word_1_241' title='bbox 743 3172 812 3218; x_wconf 91' lang='lat' dir='ltr'>esse</span> <span class='ocrx_word' id='word_1_242' title='bbox 828 3150 963 3226; x_wconf 86' lang='lat' dir='ltr'>videtur,</span> <span class='ocrx_word' id='word_1_243' title='bbox 986 3149 1183 3215; x_wconf 88' lang='lat' dir='ltr'>scribendum</span> <span class='ocrx_word' id='word_1_244' title='bbox 1200 3147 1256 3212; x_wconf 87' lang='lat' dir='ltr'>sit:</span> <span class='ocrx_word' id='word_1_245' title='bbox 1274 3143 1346 3211; x_wconf 75' lang='lat' dir='ltr'>‘Me</span> 
     </span>
     <span class='ocr_line' id='line_1_28' title="bbox 224 3246 1342 3341; baseline -0.008 -20"><span class='ocrx_word' id='word_1_246' title='bbox 224 3254 348 3339; x_wconf 74' lang='lat' dir='ltr'>quaerit</span> <span class='ocrx_word' id='word_1_247' title='bbox 369 3255 448 3322; x_wconf 89' lang='lat' dir='ltr'>illic:</span> <span class='ocrx_word' id='word_1_248' title='bbox 470 3257 522 3322; x_wconf 85' lang='lat' dir='ltr'>ibo</span> <span class='ocrx_word' id='word_1_249' title='bbox 539 3255 644 3341; x_wconf 91' lang='lat' dir='ltr'>[adeo]</span> <span class='ocrx_word' id='word_1_250' title='bbox 660 3256 735 3324; x_wconf 91' lang='lat' dir='ltr'>huic</span> <span class='ocrx_word' id='word_1_251' title='bbox 750 3275 847 3339; x_wconf 94' lang='lat' dir='ltr'>puero</span> <span class='ocrx_word' id='word_1_252' title='bbox 864 3250 998 3320; x_wconf 86' lang='lat' dir='ltr'>dbviam&#39;</span> <span class='ocrx_word' id='word_1_253' title='bbox 1026 3252 1126 3337; x_wconf 65' lang='lat' dir='ltr'>(ilico</span> <span class='ocrx_word' id='word_1_254' title='bbox 1141 3252 1213 3316; x_wconf 90' lang='lat' dir='ltr'>hinc</span> <span class='ocrx_word' id='word_1_255' title='bbox 1227 3246 1342 3332; x_wconf 92' lang='lat' dir='ltr'>puero’</span> 
     </span>
     <span class='ocr_line' id='line_1_29' title="bbox 225 3356 777 3442; baseline -0.002 -18"><span class='ocrx_word' id='word_1_256' title='bbox 225 3360 261 3424; x_wconf 91' lang='grc' dir='ltr'>Β.</span> <span class='ocrx_word' id='word_1_257' title='bbox 279 3357 357 3426; x_wconf 81' lang='lat' dir='ltr'>‘illic</span> <span class='ocrx_word' id='word_1_258' title='bbox 378 3361 429 3425; x_wconf 93' lang='lat' dir='ltr'>ibo</span> <span class='ocrx_word' id='word_1_259' title='bbox 452 3360 525 3425; x_wconf 93' lang='lat' dir='ltr'>huic</span> <span class='ocrx_word' id='word_1_260' title='bbox 547 3356 658 3442; x_wconf 89' lang='lat' dir='ltr'>puero&#39;</span> <span class='ocrx_word' id='word_1_261' title='bbox 685 3359 777 3441; x_wconf 79' lang='lat' dir='ltr'>reli).</span> 
     </span>
    </p>

    <p class='ocr_par' dir='ltr' id='par_1_9' title="bbox 185 3453 1346 3753">
     <span class='ocr_line' id='line_1_30' title="bbox 310 3453 1345 3543; baseline -0.011 -15"><span class='ocrx_word' id='word_1_262' title='bbox 310 3463 589 3528; x_wconf 83' lang='lat' dir='ltr'>Substantivis</span> <span class='ocrx_word' id='word_1_263' title='bbox 604 3462 787 3543; x_wconf 90' lang='lat' dir='ltr'>adiungitur</span> <span class='ocrx_word' id='word_1_264' title='bbox 803 3459 881 3525; x_wconf 82' lang='lat' dir='ltr'>adeo</span> <span class='ocrx_word' id='word_1_265' title='bbox 896 3459 944 3524; x_wconf 90' lang='lat' dir='ltr'>his</span> <span class='ocrx_word' id='word_1_266' title='bbox 966 3458 1054 3524; x_wconf 89' lang='lat' dir='ltr'>locis.</span> <span class='ocrx_word' id='word_1_267' title='bbox 1089 3457 1134 3522; x_wconf 88' lang='lat' dir='ltr'>St.</span> <span class='ocrx_word' id='word_1_268' title='bbox 1151 3457 1227 3520; x_wconf 74' lang='lat'>215:</span> <span class='ocrx_word' id='word_1_269' title='bbox 1247 3453 1345 3518; x_wconf 84' lang='lat' dir='ltr'>‘Prae</span> 
     </span>
     <span class='ocr_line' id='line_1_31' title="bbox 225 3555 1346 3649; baseline -0.009 -18"><span class='ocrx_word' id='word_1_270' title='bbox 225 3585 366 3632; x_wconf 87' lang='lat' dir='ltr'>maerore</span> <span class='ocrx_word' id='word_1_271' title='bbox 394 3566 472 3631; x_wconf 92' lang='lat' dir='ltr'>adeo</span> <span class='ocrx_word' id='word_1_272' title='bbox 499 3567 593 3631; x_wconf 89' lang='lat' dir='ltr'>miser</span> <span class='ocrx_word' id='word_1_273' title='bbox 619 3573 714 3649; x_wconf 88' lang='lat' dir='ltr'>atque</span> <span class='ocrx_word' id='word_1_274' title='bbox 741 3564 935 3646; x_wconf 88' lang='lat' dir='ltr'>aegritudine</span> <span class='ocrx_word' id='word_1_275' title='bbox 958 3555 1129 3628; x_wconf 86' lang='lat' dir='ltr'>consenui&#39;.</span> <span class='ocrx_word' id='word_1_276' title='bbox 1168 3557 1346 3623; x_wconf 87' lang='lat' dir='ltr'>Gelasimus</span> 
     </span>
     <span class='ocr_line' id='line_1_32' title="bbox 185 3664 1185 3753; baseline -0.007 -20"><span class='ocrx_word' id='word_1_277' title='bbox 185 3668 187 3672; x_wconf 76' lang='grc'>’</span> <span class='ocrx_word' id='word_1_278' title='bbox 223 3669 283 3735; x_wconf 93' lang='lat' dir='ltr'>hoc</span> <span class='ocrx_word' id='word_1_279' title='bbox 304 3667 501 3753; x_wconf 90' lang='lat' dir='ltr'>potissimum</span> <span class='ocrx_word' id='word_1_280' title='bbox 524 3670 638 3752; x_wconf 91' lang='lat' dir='ltr'>premit</span> <span class='ocrx_word' id='word_1_281' title='bbox 660 3689 694 3736; x_wconf 91' lang='lat' dir='ltr'>se</span> <span class='ocrx_word' id='word_1_282' title='bbox 715 3689 791 3752; x_wconf 86' lang='lat' dir='ltr'>prae</span> <span class='ocrx_word' id='word_1_283' title='bbox 812 3686 954 3734; x_wconf 89' lang='lat' dir='ltr'>maerore</span> <span class='ocrx_word' id='word_1_284' title='bbox 977 3664 1185 3732; x_wconf 87' lang='lat' dir='ltr'>consenuisse.</span> 
     </span>
    </p>

    <p class='ocr_par' dir='ltr' id='par_1_10' title="bbox 225 3763 1347 4060">
     <span class='ocr_line' id='line_1_33' title="bbox 310 3763 1345 3845; baseline -0.011 -9"><span class='ocrx_word' id='word_1_285' title='bbox 310 3770 356 3836; x_wconf 82' lang='lat' dir='ltr'>St.</span> <span class='ocrx_word' id='word_1_286' title='bbox 372 3772 451 3835; x_wconf 85' lang='lat'><strong>664:</strong></span> <span class='ocrx_word' id='word_1_287' title='bbox 479 3769 544 3837; x_wconf 74' lang='lat' dir='ltr'>‘Ibi</span> <span class='ocrx_word' id='word_1_288' title='bbox 567 3780 672 3838; x_wconf 89' lang='lat' dir='ltr'>voster</span> <span class='ocrx_word' id='word_1_289' title='bbox 694 3777 785 3837; x_wconf 89' lang='lat' dir='ltr'>cenat</span> <span class='ocrx_word' id='word_1_290' title='bbox 807 3790 876 3836; x_wconf 90' lang='lat' dir='ltr'>curn</span> <span class='ocrx_word' id='word_1_291' title='bbox 900 3788 996 3834; x_wconf 84' lang='lat' dir='ltr'>uxore</span> <span class='ocrx_word' id='word_1_292' title='bbox 1017 3767 1096 3833; x_wconf 89' lang='lat' dir='ltr'>adeo</span> <span class='ocrx_word' id='word_1_293' title='bbox 1125 3771 1157 3832; x_wconf 89' lang='lat' dir='ltr'>et</span> <span class='ocrx_word' id='word_1_294' title='bbox 1180 3763 1345 3845; x_wconf 88' lang='lat' dir='ltr'>Antipho&#39;.</span> 
     </span>
     <span class='ocr_line' id='line_1_34' title="bbox 225 3868 1347 3958; baseline -0.007 -20"><span class='ocrx_word' id='word_1_295' title='bbox 225 3873 349 3949; x_wconf 77' lang='lat' dir='ltr'>Stichus</span> <span class='ocrx_word' id='word_1_296' title='bbox 372 3894 441 3940; x_wconf 90' lang='lat' dir='ltr'>cum</span> <span class='ocrx_word' id='word_1_297' title='bbox 465 3877 496 3940; x_wconf 90' lang='lat' dir='ltr'>vi</span> <span class='ocrx_word' id='word_1_298' title='bbox 517 3875 651 3958; x_wconf 90' lang='lat' dir='ltr'>quadam</span> <span class='ocrx_word' id='word_1_299' title='bbox 674 3875 767 3938; x_wconf 89' lang='lat' dir='ltr'>etiam</span> <span class='ocrx_word' id='word_1_300' title='bbox 791 3891 927 3951; x_wconf 81' lang='lat' dir='ltr'>uxorem,</span> <span class='ocrx_word' id='word_1_301' title='bbox 950 3870 1033 3951; x_wconf 89' lang='lat' dir='ltr'>quod</span> <span class='ocrx_word' id='word_1_302' title='bbox 1057 3868 1170 3934; x_wconf 90' lang='lat' dir='ltr'>mirum</span> <span class='ocrx_word' id='word_1_303' title='bbox 1193 3869 1248 3944; x_wconf 83' lang='lat' dir='ltr'>sit,</span> <span class='ocrx_word' id='word_1_304' title='bbox 1272 3885 1347 3931; x_wconf 88' lang='lat' dir='ltr'>con·</span> 
     </span>
     <span class='ocr_line' id='line_1_35' title="bbox 225 3971 1347 4060; baseline -0.005 -19"><span class='ocrx_word' id='word_1_305' title='bbox 225 3978 296 4042; x_wconf 88' lang='lat' dir='ltr'>vivii</span> <span class='ocrx_word' id='word_1_306' title='bbox 319 3979 432 4043; x_wconf 90' lang='lat' dir='ltr'>sociam</span> <span class='ocrx_word' id='word_1_307' title='bbox 455 3998 523 4044; x_wconf 91' lang='lat' dir='ltr'>esse</span> <span class='ocrx_word' id='word_1_308' title='bbox 545 3977 714 4060; x_wconf 88' lang='lat' dir='ltr'>praedicat.</span> <span class='ocrx_word' id='word_1_309' title='bbox 749 3977 829 4041; x_wconf 86' lang='lat' dir='ltr'>Eun.</span> <span class='ocrx_word' id='word_1_310' title='bbox 845 3975 924 4041; x_wconf 82' lang='lat'>204:</span> <span class='ocrx_word' id='word_1_311' title='bbox 948 3971 1061 4054; x_wconf 76' lang='lat' dir='ltr'>‘Spero</span> <span class='ocrx_word' id='word_1_312' title='bbox 1083 3972 1212 4037; x_wconf 82' lang='lat' dir='ltr'>fratrem</span> <span class='ocrx_word' id='word_1_313' title='bbox 1234 3987 1347 4050; x_wconf 91' lang='lat' dir='ltr'>prope·</span> 
     </span>
    </p>
   </div>
   <div class='ocr_carea' id='block_1_7' title="bbox 293 4169 1347 4269">
    <p class='ocr_par' dir='ltr' id='par_1_11' title="bbox 293 4169 1347 4269">
     <span class='ocr_line' id='line_1_36' title="bbox 293 4169 1347 4269; baseline -0.011 -16"><span class='ocrx_word' id='word_1_314' title='bbox 293 4202 314 4268; x_wconf 84' lang='lat'>·)</span> <span class='ocrx_word' id='word_1_315' title='bbox 331 4200 443 4268; x_wconf 85' lang='lat' dir='ltr'>Langen</span> <span class='ocrx_word' id='word_1_316' title='bbox 460 4200 518 4269; x_wconf 87' lang='lat' dir='ltr'>ipae</span> <span class='ocrx_word' id='word_1_317' title='bbox 536 4216 561 4268; x_wconf 93' lang='lat' dir='ltr'>p.</span> <span class='ocrx_word' id='word_1_318' title='bbox 578 4169 623 4253; x_wconf 80' lang='lat' dir='ltr'>14i</span> <span class='ocrx_word' id='word_1_319' title='bbox 644 4198 723 4253; x_wconf 87' lang='lat' dir='ltr'>dicit:</span> <span class='ocrx_word' id='word_1_320' title='bbox 747 4196 832 4250; x_wconf 76' lang='lat' dir='ltr'>‘Eine</span> <span class='ocrx_word' id='word_1_321' title='bbox 844 4196 946 4250; x_wconf 83' lang='lat' dir='ltr'>sichero</span> <span class='ocrx_word' id='word_1_322' title='bbox 960 4191 1162 4259; x_wconf 86' lang='lat' dir='ltr'>Entscheidung</span> <span class='ocrx_word' id='word_1_323' title='bbox 1174 4190 1209 4244; x_wconf 89' lang='lat' dir='ltr'>ist</span> <span class='ocrx_word' id='word_1_324' title='bbox 1221 4188 1347 4243; x_wconf 86' lang='lat' dir='ltr'>schwer’.</span> 
     </span>
    </p>
   </div>
   <div class='ocr_carea' id='block_1_8' title="bbox 0 0 1450 4770">
    <p class='ocr_par' dir='ltr' id='par_1_12' title="bbox 0 0 1450 4770">
     <span class='ocr_line' id='line_1_37' title="bbox 0 0 1450 4770; baseline 0 0"><span class='ocrx_word' id='word_1_325' title='bbox 0 0 1450 4770; x_wconf 95' lang='lat' dir='ltr'> </span> 
     </span>
    </p>
   </div>
  </div>
 </body>
</html>
