2888 4770
706 320 724 382 9

154 515 220 594 Qua
242 537 301 585 vox
323 520 468 588 facillime
490 521 592 588 omitti
620 523 741 604 potuit,
770 542 839 590 cum
868 522 991 590 librarii
1018 524 1095 590 satis
1125 543 1219 607 saepe
1246 524 1277 588 in

152 622 241 688 libris
264 623 474 690 exscribendis
497 625 579 690 notis
602 631 777 691 uterentur.

581 777 670 839 Acin.
684 776 758 838 aba.
778 777 850 839 aba.

770 908 817 969 Sic
837 909 890 968 hoe
909 907 1056 984 rospondit
1076 907 1158 968 mihi:

253 998 329 1076 ‘Ego
350 1000 397 1076 pol
418 1002 549 1061 Sauream
572 1019 627 1063 nou
649 1003 714 1061 novi
735 1018 825 1078 neque
846 1020 901 1076 qua
922 1002 995 1062 facie
1016 1003 1055 1061 sit
1074 998 1156 1063 scio'.

238 1130 354 1197 Omnes
376 1131 498 1197 codices
519 1130 578 1197 hoc
600 1130 668 1197 loco
691 1131 722 1194 cc'
744 1150 801 1211 pro
824 1131 871 1194 cic
893 1130 1040 1196 exhibent
1063 1149 1124 1195 uno
1148 1139 1278 1215 excepto

157 1236 199 1312 B,
227 1235 259 1298 in
289 1253 350 1315 quo
378 1252 473 1298 manu
503 1235 642 1300 secunda
665 1256 681 1297 c
702 1234 796 1300 litera
825 1235 961 1316 ascripta
991 1240 1050 1298 est.
1096 1233 1278 1314 Ussingius:

151 1330 219 1402 ‘Sit
247 1337 322 1416 hoc,
351 1336 515 1417 respondit
544 1335 646 1402 mihi’.
692 1339 773 1417 Apte
802 1343 898 1417 atque
920 1337 1036 1402 usitate
1059 1337 1107 1400 cic
1131 1337 1188 1402 hoc
1210 1337 1279 1402 ioco

154 1440 313 1506 scribitur.
349 1438 487 1504 Primum
511 1439 594 1507 enirn
618 1440 663 1503 sic
684 1440 810 1521 saepius
833 1458 903 1506 cum
925 1440 1108 1521 pronomine
1131 1438 1182 1501 bic
1198 1458 1280 1506 com·

155 1543 281 1625 ponitur
304 1540 355 1623 (ci.
380 1541 491 1624 Amph.
508 1542 580 1606 202.
604 1542 660 1607 Ph.
678 1543 750 1607 450.
774 1541 819 1606 St.
837 1542 901 1606 430
924 1543 1013 1624 etc),
1042 1541 1154 1607 deinde
1183 1542 1281 1624 parti·

155 1645 242 1710 culae
265 1663 334 1712 cum
359 1645 461 1709 verbis
484 1644 607 1711 dicendi
631 1652 663 1710 et
686 1645 840 1709 sentiendi
865 1647 1048 1711 coniunctae
1071 1644 1157 1711 locus
1180 1645 1279 1710 estin

156 1746 327 1812 enuntiatis
350 1765 432 1829 quae
456 1747 593 1812 directae
617 1764 709 1827 quam
728 1747 859 1813 dicimus
875 1747 1009 1813 orationi
1024 1750 1278 1830 praemittuntur,

155 1870 224 1916 cum
249 1851 274 1914 si
296 1851 343 1913 ita
366 1850 519 1915 eiusmodi
541 1850 645 1915 vorbis
670 1850 798 1915 additur
821 1867 943 1929 semper
966 1855 1116 1930 sequatur
1138 1849 1279 1914 enuntia·

156 1961 221 2018 tum
252 1951 378 2033 aliquod
410 1953 630 2017 secundarium
661 1954 745 2032 quod
777 1972 813 2016 ex
844 1951 904 2016 iilis
934 1971 1119 2034 suspensum
1149 1943 1197 2016 es't
1227 1950 1278 2034 (ci.

155 2055 296 2137 exempla
319 2074 399 2138 qliae
421 2055 550 2121 afferam
573 2055 614 2121 ad
636 2056 721 2120 Trin.
739 2075 788 2120 vv.
804 2054 999 2137 832-835).
1034 2053 1088 2118 Sic
1110 2053 1208 2136 igitur
1229 2053 1280 2118 hic

155 2178 279 2242 quoque
301 2159 577 2250 demonstrativam
601 2176 689 2224 suam
713 2158 774 2224 sibi
797 2159 859 2222 vim
882 2165 989 2223 servat
1028 2158 1072 2222 ita
1096 2158 1221 2240 quidem
1245 2162 1280 2220 ut

158 2281 194 2327 ea
210 2281 291 2345 quae
308 2268 477 2327 narrantur
492 2261 560 2343 geri
577 2261 667 2345 qrrasi
689 2267 763 2327 ante
785 2262 903 2333 oculos,
915 2260 1075 2325 videamus
1100 2261 1184 2343 (vide
1199 2278 1280 2342 quae

157 2365 219 2430 dixi
243 2367 283 2429 ad
307 2385 355 2433 vv.
380 2365 465 2428 Asin.
483 2365 545 2428 699
558 2382 604 2445 sq.
629 2372 661 2429 et
685 2365 781 2430 Andr.
798 2364 870 2427 804.
895 2362 981 2445 805).

242 2468 346 2548 Atque
368 2467 519 2532 eiusmodi
542 2466 620 2531 haec
643 2472 769 2532 exstant
792 2466 948 2547 exempla:

221 2569 301 2633 Eun.
324 2569 361 2634 fr.
382 2589 453 2634 ann.
473 2571 550 2636 115:
585 2570 684 2635 Simul
706 2571 789 2635 inter
811 2589 880 2635 sese
903 2570 947 2635 sic
970 2575 1144 2634 memorant
1164 2571 1198 2634 ‘o
1221 2570 1282 2634 Ro·

222 2670 315 2750 mule,
340 2673 472 2737 Romule
495 2672 561 2751 die,
585 2672 707 2754 qualem
732 2677 762 2737 te
785 2675 907 2754 patriae
930 2673 1089 2737 custodem
1114 2672 1145 2735 di
1167 2690 1282 2752 genue-

223 2780 308 2839 runt.
346 2773 460 2857 Bacch.
478 2776 558 2842 442:
589 2775 692 2840 Puero
708 2776 843 2845 sicdicit
859 2781 963 2854 pater:
981 2771 1111 2840 ‘Noster
1134 2781 1201 2837 esto
1222 2777 1281 2837 etc.

225 2878 262 2942 ir.
286 2897 311 2942 c.
336 2898 383 2943 ex.
406 2881 465 2943 inc.
489 2876 549 2942 inc.
571 2877 591 2942 f.
609 2877 658 2942 53.
689 2876 781 2958 Epid.
803 2876 874 2940 237.
907 2875 1044 2954 Poeni,
1068 2877 1098 2954 2,
1126 2874 1201 2940 174;
1231 2872 1281 2938 Sic

222 2983 302 3045 enim
326 2981 455 3045 diceres.
497 2979 607 3062 Amph.
625 2979 702 3045 202:
737 2979 789 3046 Sic
811 2979 888 3044 haec
919 2980 1022 3061 (codd.
1046 2977 1101 3043 hoc
1124 2983 1223 3055 recte,
1246 2985 1282 3040 ut

222 3083 296 3147 mihi
313 3083 439 3148 videtur
454 3083 492 3148 cf.
509 3102 557 3146 vv.
571 3084 656 3148 Asin.
670 3083 744 3161 352,
767 3081 823 3147 Ph.
836 3083 912 3165 450)
928 3082 1106 3164 proloquar.
1138 3080 1280 3144 Ph.141:

222 3185 274 3252 Sic
296 3194 374 3251 oret.
397 3184 448 3250 Ps.
466 3187 541 3249 749:
574 3183 672 3250 Immo
696 3184 741 3251 sic
764 3185 862 3250 scias:
892 3184 946 3250 ubi
969 3191 1001 3248 te
1023 3183 1189 3264 aspexerit,
1212 3201 1282 3245 nar·

222 3289 314 3354 rabit.
348 3291 429 3356 Eun.
445 3289 524 3370 proi.
544 3289 598 3351 14:
622 3286 673 3355 Sic
688 3289 814 3369 cogitet.
849 3284 905 3351 Ph.
921 3286 998 3367 prol.
1019 3285 1066 3349 12.
1091 3283 1188 3347 Andr.
1208 3283 1281 3348 110:

222 3390 273 3457 Sic
296 3392 483 3475 cogitabam.
527 3389 678 3454 Pheoo:
710 3390 787 3455 Mihi
817 3391 861 3456 sic
888 3390 947 3455 hoc
976 3388 1115 3451 videtur:
1144 3387 1227 3468 quod
1251 3390 1283 3450 te

222 3494 352 3560 absente
374 3493 424 3558 hic
445 3490 527 3557 filius
551 3493 631 3573 egit,
664 3493 789 3557 restitui
818 3491 850 3555 in
879 3490 1033 3571 integrom
1063 3508 1194 3572 aequom
1224 3496 1281 3554 est.

223 3596 268 3661 St.
286 3596 364 3667 430:
393 3593 444 3662 Sic
459 3595 539 3662 hanc
554 3597 708 3661 rationem
729 3593 844 3659 institi:
874 3594 1004 3659 amicam
1027 3611 1084 3672 ego
1107 3591 1207 3657 habeo
1223 3597 1281 3656 etc.

267 3799 389 3878 Quibus
401 3818 471 3864 cum
482 3798 560 3865 locis
573 3799 714 3864 conferas
731 3817 811 3881 quae
826 3798 973 3882 leguntur
989 3799 1020 3863 in
1032 3818 1080 3862 vv.
1093 3798 1138 3863 st.
1152 3799 1208 3862 84:
1232 3796 1283 3863 Sic

223 3901 351 3970 faciam:
382 3903 577 3968 adsimulabo
608 3901 699 3985 quasi
727 3921 821 3985 quarn
851 3902 974 3983 cuipam
998 3901 1030 3964 in
1059 3919 1128 3966 sese
1151 3900 1283 3965 admise-

223 4006 296 4070 rint.
341 4006 421 4070 Rud.
444 4005 523 4071 928:
563 4003 657 4070 Nunc
686 4005 730 4070 sic
762 4004 890 4082 faciam,
926 4001 972 4068 sic
1000 4003 1209 4068 consiliumst:
1243 4001 1283 4067 ad

224 4126 310 4171 erum
340 4108 462 4172 veniam
490 4108 582 4173 docte
609 4112 667 4172 etc.
714 4107 800 4172 Asin.
826 4106 902 4172 82οτ
937 4108 1003 4188 Ego
1032 4107 1077 4170 sic
1103 4104 1282 4170 faciundum

225 4228 351 4276 censeo:
383 4229 432 4275 mc
455 4210 616 4276 honestius
639 4227 733 4291 quam
756 4216 788 4274 te
810 4210 914 4291 palam
937 4207 1018 4273 hanc
1044 4225 1110 4272 rem
1138 4205 1282 4272 facerest.
