2888 4770
698 323 740 389 «18

243 523 549 592 Restitueudum
573 540 639 591 lam
661 529 788 597 videtur
810 532 840 595 iu
865 550 913 595 vv.
936 532 1141 601 Ruu1350:

269 658 352 721 ‘Tam
374 663 424 722 liet
443 665 498 724 etsi
517 665 549 723 11
569 665 651 724 fidem
672 662 843 726 serviveris’
875 667 924 739 (ei.
945 642 1056 743 Bothe(
1068 672 1199 746 Fleek.).

159 790 219 849 Cas.
234 791 271 863 ΙΙ,
294 798 321 864 6,
342 798 392 851 69;

190 898 285 960 ‘Intro
305 902 352 962 abi
372 905 400 961 el
419 921 587 979 quamquam
609 905 663 965 hbe
682 906 737 965 libi
756 910 870 981 aegrest
889 907 949 967 lam
969 907 1014 968 iao
1034 896 1157 973 aoouree
1170 921 1184 989 ΙΙ
1198 910 1279 976 hioel’

995 1003 1044 1075 (ci.
1064 1006 1186 1079 Bothe).

157 1114 217 1175 Mil.
234 1119 316 1174 1354.
339 1118 388 1172 55:

188 1227 378 1302 ‘Quamquam
400 1226 471 1286 alios
494 1226 632 1286 fideliores
652 1243 763 1302 semper
782 1226 910 1287 habuisti
929 1228 993 1302 tibi,

195 1322 282 1395 Quam
313 1339 371 1396 me,
401 1323 458 1380 lam
487 1318 541 1378 tibi
569 1318 661 1379 hlbeo
693 1337 823 1394 maguam
854 1321 976 1396 gratiam
1010 1337 1103 1381 rerum
1140 1324 1284 1387 bmnium’
1325 1354 1329 1360 ·

993 1415 1043 1488 (oi.
1058 1419 1091 1476 B.
1112 1420 1161 1477 Br.
1180 1421 1248 1491 ul).

157 1530 228 1591 llud.
244 1535 411 1590 382-384:

779 1635 888 1696 ‘Etiam
908 1637 958 1712 qui
978 1639 1002 1696 11
1020 1638 1144 1698 lavatum

297 1737 331 1795 lu
350 1733 486 1804 balineas,
507 1750 589 1807 quom
613 1732 653 1792 ibi
673 1732 769 1792 sedulo
790 1749 841 1792 sua
862 1732 1030 1793 vestimento
1049 1737 1144 1792 servat

298 1831 367 1890 Tam
387 1823 606 1901 subrupiuutur'
626 1827 675 1898 (ef.
696 1825 760 1899 Fi).

157 1962 242 2020 Most·
258 1965 323 2019 858.
344 1963 413 2017 859:

292 2066 388 2128 ‘Servi
407 2067 456 2141 qui
475 2084 559 2141 quom
580 2066 663 2141 ouilpa
683 2065 788 2140 aaroni,
809 2069 865 2126 lam
887 2068 990 2127 maluim

298 2162 435 2238 Metubnl,
455 2164 486 2221 hi
506 2161 598 2223 sole‘ul
618 2178 680 2222 esse
701 2162 816 2222 utibiles
836 2158 916 2222 eris'.

158 2314 255 2375 Airau·
277 2313 311 2374 ir.
332 2318 436 2374 o.124.
460 2318 527 2371 125:

191 2423 381 2500 ‘Quamquam
403 2424 493 2484 islaeo
513 2423 653 2484 malitiosa
674 2443 728 2484 nou
749 2428 805 2484 tem
827 2424 924 2496 oallao,

195 2523 264 2582 'Pam
285 2521 341 2580 11611
364 2516 468 2580 fefelli’
492 2519 542 2592 (ef.
557 2522 605 2593 B.;
625 2520 692 2580 libri
711 2530 798 2576 tomen
817 2540 870 2576 neu
882 2525 922 2592 s„
943 2519 1027 2579 Ribb.
1049 2519 1138 2575 tamea
1150 2515 1240 2590 f.)*).

157 2624 234 2690 Cato
247 2623 346 2706 origg.
363 2624 416 2690 lib.
429 2624 484 2706 IV,
497 2628 515 2690 7
529 2626 559 2692 J.
582 2648 611 2711 p.
626 2629 674 2705 19,
693 2630 747 2692 10:
765 2625 859 2691 ‘Nam
875 2625 922 2689 ita
937 2626 1049 2700 evenit,
1067 2644 1137 2689 cum
1152 2623 1281 2691 saueius

156 2725 358 2792 multifariam
381 2726 426 2794 ibi
448 2728 550 2794 laetus
566 2736 657 2807 esset,
681 2736 745 2792 tam
768 2726 878 2791 vulnus
899 2724 992 2799 capiti
1015 2722 1136 2784 nullum
1160 2729 1276 2793 evenit'

156 2830 237 2911 (laon
259 2831 346 2912 Reg.‚
370 2841 474 2895 lamen
489 2829 571 2908 Vab,
596 2843 661 2892 lum
683 2829 791 2908 11011).

157 2928 235 2997 Ceto
250 2939 329 2997 orat.
348 2934 414 2998 rell.
431 2934 460 2999 J.
483 2952 513 3014 p.
529 2930 580 3008 33,
597 2934 631 2995 5;
654 2924 766 3009 ‘Atque
787 2941 975 3006 quamquam
998 2925 1096 2989 multa
1119 2943 1199 2991 uova
1223 2935 1283 2998 mi·

155 3035 263 3101 meula
285 3034 386 3100 iecere
408 3034 525 3099 inimici
546 3033 614 3109 mei,
642 3036 707 3094 tum
734 3046 853 3112 nequeo
876 3028 1018 3095 desinere
1041 3027 1146 3093 mirari
1169 3048 1281 3100 eorum

155 3132 345 3202 audaciam’.

241 3238 503 3304 Retineudum
526 3254 600 3301 vero
623 3243 671 3303 est
694 3249 822 3300 tamea
844 3237 875 3301 iu
898 3256 946 3301 vv.
970 3238 1064 3303 Poeu.
1081 3236 1106 3315 1,
1124 3238 1151 3312 1,
1168 3234 1224 3298 68:

253 3370 437 3448 ‘Quamquam
458 3373 563 3446 Cupido
583 3373 612 3432 iu
633 3374 714 3435 eorde
735 3377 871 3449 vorsaour,
892 3377 985 3435 lamen

252 3470 317 3530 Tibi
337 3468 529 3528 auscultabo'l

155 3600 237 3659 Most.
253 3599 321 3659 766:

247 3707 348 3769 ‘Immo
369 3709 469 3784 edepol
489 3727 562 3782 uero,
585 3729 668 3786 quom
690 3729 889 3787 usquequaque
910 3713 1044 3784 umbrast,
1067 3715 1159 3772 tamen

253 3804 300 3864 Sol
320 3821 430 3878 semper
450 3805 496 3865 hio
516 3802 583 3866 esl'.

223 3965 246 4032 ⁰)
263 3963 296 4016 Iu
314 3964 376 4017 Pae.
396 3981 420 4018 u.
438 3964 471 4020 ir.
489 3972 522 4022 11.
536 3971 588 4022 206
605 3969 773 4024 scribendum
790 3968 989 4039 proposuerim:
1018 3967 1067 4020 ‘Di
1085 3983 1126 4022 me
1145 3967 1199 4025 etsi
1214 3981 1274 4035 per·

156 4048 231 4111 dunt,
251 4053 308 4104 tam
326 4049 384 4103 esse
397 4050 516 4107 adiutam
531 4053 596 4122 [me]
609 4054 716 4122 petunt’
739 4059 838 4124 (petam
851 4054 947 4123 eodm),
965 4060 994 4108 et
1010 4053 1038 4107 iu
1049 4052 1101 4106 Tit.
1122 4053 1155 4110 fr.
1175 4069 1199 4110 o.
1212 4057 1274 4108 119:

153 4134 224 4191 ‘ursi
242 4135 352 4199 tacebit,
370 4141 437 4191 tam
455 4138 605 4207 gaudebit’.
