2888 4770
678 333 711 394 ll

135 556 196 603 non
219 555 300 619 quae
322 541 460 619 aguntur
488 536 539 603 vel
567 545 641 604 ante
671 539 776 604 oculos
805 536 909 620 posita
935 540 1025 610 sunt,
1054 534 1185 613 dicitur,
1212 533 1258 596 110

136 639 231 706 etiam
254 640 427 720 particulae
450 641 488 707 de
518 660 581 724 qua
603 640 801 724 disputamus
824 639 857 705 in
880 637 1060 704 narratione
1082 636 1150 702 sola
1171 636 1257 701 locus

135 748 184 808 est
199 748 231 808 et
246 743 364 808 indicat
385 741 439 808 illa
460 745 596 823 modum,
620 746 674 824 qui
697 765 735 810 ex
757 745 795 810 iis
818 761 898 824 quse
921 744 1118 824 exponuntur
1139 736 1258 803 intelle·

134 846 231 927 gitur.
277 843 329 908 Sic
352 862 425 909 vero
448 845 531 927 quod
555 843 685 912 fortiore
708 845 975 912 demonstratione
1004 841 1181 924 praeditum
1211 846 1260 905 ost

136 946 755 1031 (000000100011001100000010100,
785 949 899 1031 quibus
923 968 956 1009 ce
982 941 1104 1027 syllaba
1133 944 1260 1008 demon·

136 1052 267 1116 strativa
289 1051 411 1115 adnexa
434 1058 498 1130 est,
527 1050 711 1134 plerumque
734 1051 773 1117 de
795 1049 836 1114 iis
864 1048 1012 1115 dicuntur
1041 1065 1121 1129 quac
1144 1043 1259 1109 adsunt

135 1160 167 1219 ct
194 1158 267 1218 ante
294 1151 401 1218 oculos
428 1154 530 1236 posita
558 1154 645 1235 sunt)
683 1153 809 1233 proprie
839 1150 1018 1228 adhibetur,
1053 1148 1107 1213 ubi
1138 1147 1258 1221 modus

136 1275 227 1337 quem
252 1252 418 1335 siguificat,
441 1274 479 1319 ex
502 1253 541 1318 iis
564 1271 645 1334 quae
668 1255 774 1319 videre
789 1256 888 1336 possis
910 1251 993 1334 (vide
1009 1267 1089 1329 quac
1105 1251 1145 1313 ad
1161 1248 1258 1312 Andr.

136 1379 183 1426 vv.
199 1357 272 1423 804.
296 1357 358 1421 805
382 1356 459 1439 dixi)
483 1365 538 1422 aut
563 1375 644 1438 quae
667 1359 697 1422 in
728 1376 841 1424 scaena
870 1356 938 1440 ipsa
965 1361 1101 1437 agantur
1129 1360 1185 1417 aut
1215 1350 1260 1415 sic

136 1466 338 1543 exponantur,
363 1466 398 1525 01
420 1478 481 1525 000
505 1463 626 1526 narrari
648 1477 728 1540 quae
751 1465 841 1542 gesta
856 1460 919 1524 sint
939 1459 992 1524 scd
1009 1475 1076 1522 rem
1091 1456 1156 1536 geri
1172 1472 1260 1535 pror·

137 1583 190 1630 sus
212 1565 330 1643 videas,
354 1561 456 1644 colligi
472 1567 584 1643 potest.
620 1563 688 1641 Quo
708 1561 744 1628 fit
766 1569 803 1629 ut
824 1562 869 1626 sic
892 1582 951 1628 non
968 1562 1109 1643 requirat
1126 1557 1258 1640 plerum-

136 1684 197 1747 que
222 1668 253 1730 iu
278 1666 458 1731 narratione
480 1666 610 1731 alterius
632 1668 678 1732 rei
701 1667 924 1749 expositionem
948 1667 984 1729 ut
1007 1664 1063 1728 ira.

199 1767 291 1834 Most.
313 1769 387 1831 616:
425 1767 506 1846 Quid
529 1766 772 1834 Philolachetem
800 1776 930 1850 gnatum
961 1764 1126 1845 compellat
1157 1782 1259 1828 meum

199 1871 267 1937 sic?
301 1869 365 1934 Mil.
385 1871 476 1936 1045.
502 1870 587 1937 Asin.
606 1871 678 1936 350.
702 1872 798 1937 Andr.
816 1872 891 1936 757:
922 1871 1028 1936 Adeon
1053 1869 1193 1934 videmur
1208 1884 1261 1931 vo-

201 1973 249 2038 bis
264 1991 333 2038 esse
350 1973 463 2050 100001,
486 1973 517 2038 10
534 1973 648 2056 quibus
664 1974 709 2039 sic
724 1973 897 2040 inludatis?
930 1971 1007 2038 Hec.
1019 1973 1091 2037 526.
1114 1971 1170 2036 Ph.
1188 1969 1259 2033 948.

201 2073 290 2158 capt.
313 2076 386 2140 487.
415 2075 528 2142 Bacch.
556 2076 646 2140 1100.
676 2076 822 2155 Poeni,
846 2077 882 2154 2,
912 2076 961 2139 24.
992 2074 1064 2139 000.
1081 2073 1123 2151 V,
1146 2072 1180 2149 2,
1204 2071 1259 2133 36:

201 2177 387 2243 Curulium
411 2184 499 2243 tuum
524 2180 568 2244 sic
591 2197 640 2244 me
660 2179 803 2260 spernis?
836 2180 922 2244 Asin.
940 2178 1016 2243 384:
1046 2178 1121 2257 Quis
1137 2180 1260 2240 nostras

201 2281 244 2346 sic
267 2280 385 2362 frangit
406 2279 505 2346 foris?
542 2280 653 2364 Amph.
678 2282 770 2346 1022.
807 2280 894 2346 Pers.
918 2281 996 2345 274:
1031 2281 1194 2358 0010000
1217 2276 1261 2340 010

202 2390 304 2448 tamen
330 2403 363 2448 es
387 2383 546 2448 molestus.
584 2385 668 2449 Trin.
686 2385 757 2448 632.
782 2385 854 2449 660.
879 2384 973 2450 Most.
993 2383 1062 2448 189.
1086 2383 1166 2448 Bon.
1183 2378 1261 2444 833:

201 2485 356 2567 Dispudet
379 2486 424 2550 sic
447 2485 524 2551 mibi
547 2487 622 2551 data
651 2506 720 2551 esse
749 2487 854 2552 verba.
900 2485 991 2568 Epid.
1009 2485 1081 2550 521.
1109 2484 1165 2548 Ph.
1182 2479 1261 2545 528:

201 2587 254 2654 Sic
276 2587 359 2653 hunc
384 2587 494 2671 decipi.
511 2589 583 2652 614.
614 2588 728 2674 Bacch.
745 2590 823 2651 771:
859 2587 1094 2670 Supterlugisse
1121 2587 1166 2651 sic
1188 2581 1262 2647 mihi

200 2689 293 2756 hodie
316 2689 515 2757 Ghrusalum.
559 2691 645 2756 Trin.
662 2692 734 2756 660.
758 2693 839 2757 Rud.
856 2691 932 2755 399:
964 2690 1011 2755 Ne
1033 2691 1078 2756 sic
1100 2707 1134 2753 se
1156 2705 1263 2753 excru-

202 2791 273 2858 ciet.
317 2790 432 2857 Bacch.
450 2793 549 2857 1187:
582 2793 760 2860 Nilmorot
783 2793 929 2859 0100010.
975 2792 1064 2858 Asin.
1081 2790 1156 2855 703:
1183 2789 1263 2853 Asta

200 2893 315 2974 igitur,
345 2902 381 2959 01
403 2902 573 2961 000000100
596 2915 630 2962 00
652 2915 730 2979 puer
752 2896 841 2962 olim:
873 2896 939 2961 scin
962 2901 999 2960 01
1029 2894 1150 2960 dicam?
1181 2892 1262 2968 hem,

202 2997 264 3062 sic:
286 2999 336 3063 abi
352 2996 456 3063 laudo.
488 2997 535 3063 Sl.
548 3000 606 3063 ut:
631 3000 688 3065 Sat
703 2997 909 3064 sic·fultumst
926 2998 999 3061 mihi
1008 2997 1045 3080 1).
1082 2998 1168 3060 Asin.
1186 2994 1261 3058 615:
1385 2994 1391 3004 ‘

203 3097 418 3180 Complectere
431 3102 445 3185 ΙΙ
462 3102 555 3167 Facio
579 3100 717 3186 10000011
734 3102 860 3168 Utinam
883 3104 927 3166 sic
950 3099 1134 3166 ecferamur.
1174 3095 1263 3161 Asin.

205 3198 368 3264 838—41:
399 3201 509 3267 Putem
533 3221 591 3284 ego
613 3219 706 3282 quem
731 3203 852 3268 videam
883 3219 983 3283 aeque
1012 3219 1081 3267 esse
1109 3204 1263 3264 maestum

204 3309 240 3366 01
273 3303 363 3380 00001
396 3302 464 3369 dies
499 3305 525 3369 si
555 3305 638 3371 dicta
668 3306 733 3370 0111
756 3306 771 3388 ΙΙ
797 3305 845 3369 Ne
878 3305 958 3370 dixis
992 3302 1187 3385 1010011Νο
1219 3303 1264 3367 sic

203 3405 382 3486 (maestus)
417 3405 531 3472 fueris:
567 3407 638 3473 ilico
670 3427 727 3487 ego
764 3427 824 3473 non
855 3407 961 3472 dixero
983 3407 997 3489 ΙΙ
1019 3407 1075 3470 Bm
1106 3405 1264 3485 adspecta,

203 3505 290 3572 rideo
310 3508 323 3589 ΙΙ
346 3508 474 3574 Utinam
497 3508 578 3577 male
600 3510 656 3590 qui
678 3508 753 3575 mibi
776 3510 884 3575 volunt
906 3511 951 3575 sic
977 3510 1110 3574 rideant.
1150 3505 1263 3571 Bacch.

203 3608 276 3672 668.
300 3610 380 3674 Eun.
398 3611 475 3676 558:
506 3611 588 3691 Quid
612 3618 660 3678 ast
681 3611 764 3692 quod
787 3612 832 3677 sic
847 3610 967 3693 gostis?
1002 3612 1081 3675 Eun.
1098 3610 1136 3675 fr.
1153 3616 1192 3674 tr.
1209 3609 1264 3673 59:

205 3711 264 3790 Qui
285 3717 316 3777 te
332 3712 377 3776 sic
392 3715 583 3781 mactavere!
616 3713 761 3779 Pham.
785 3714 857 3778 211.
880 3712 976 3779 Haut.
994 3714 1073 3779 458:
1103 3712 1185 3791 Quid
1202 3711 1265 3777 vini

203 3805 366 3880 absumsit
384 3810 448 3882 ‘sic
474 3815 558 3899 boc'‚
596 3817 716 3896 diceus,
749 3810 931 3899 ‘asperum,
967 3823 1073 3897 pater,
1107 3817 1166 3881 hoc
1189 3812 1263 3879 est‘.

209 3986 234 4050 ')
254 3982 298 4036 Bis
316 3982 416 4051 legitur
433 3994 473 4037 sar
490 3987 526 4038 sic
545 3985 617 4054 quod
633 4000 683 4040 nos
705 3985 833 4038 vertimus
857 4002 884 4036 so
906 3985 953 4037 wic
975 4002 1002 4035 ao
1024 3985 1108 4037 schoa.
1144 3984 1186 4038 Ps.
1198 3986 1265 4038 388:

140 4068 211 4124 Nolo
233 4070 275 4125 bis
298 4068 406 4125 iterari:
432 4078 475 4126 sat
497 4072 535 4127 sic
558 4071 654 4140 longao
677 4069 745 4124 fiunt
773 4068 888 4126 fabulae.
925 4068 1027 4136 Bacch.
1050 4072 1128 4125 1005:
1159 4068 1206 4125 Sat
1228 4066 1266 4123 010

140 4163 280 4225 suspectus
302 4173 369 4226 sum,
388 4172 467 4225 quom
485 4171 565 4211 careo
583 4156 671 4210 noxia.
