2888 4770
607 276 696 380 ¹31

115 519 177 600 III,
200 517 231 599 3,
254 518 310 585 281
338 514 422 585 ‘Nec
445 519 566 599 damus,
588 539 689 603 neque
711 518 909 602 pollicemur,
932 537 1033 602 neque
1055 520 1133 587 adeo
1157 519 1244 588 volu·

115 640 186 688 mus
209 621 349 704 datum')
373 629 421 688 et:
441 617 687 702 ‘aequassent
708 621 795 704 Opus
818 617 867 686 ist
889 620 1045 687 muttito’.
1079 624 1184 703 Atque
1207 630 1243 689 ut

114 725 147 789 in
164 725 241 790 Hec.
258 743 286 790 u.
302 723 349 790 sia
372 723 547 791 scribamus
570 726 645 792 iacit
667 727 760 808 quod,
783 724 810 789 si
832 724 974 790 codicum
997 724 1158 806 scriptura
1179 745 1245 791 ser-

115 833 220 902 vatur,
242 824 396 893 vocabula
416 848 499 912 opus
522 837 568 890 est
590 833 621 893 et
645 825 723 891 adeo
747 845 839 892 uersu
862 826 1062 892 dirimuntur.

202 930 271 995 Hoc
293 947 418 1012 quoque
440 931 628 997 monendum
650 937 708 1010 est,
731 951 829 1016 aeque
852 927 930 992 adeo
953 929 1137 1011 interposito
1154 949 1244 997 voca·

118 1033 191 1100 bulo
212 1051 274 1100 non
296 1030 360 1114 legi
383 1031 444 1097 nisi
474 1034 574 1098 altera
601 1034 769 1115 praecedat
795 1030 953 1097 sententia
981 1031 1143 1112 negativa,
1174 1051 1243 1098 cum

118 1155 213 1220 usqae
245 1133 324 1200 adeo
351 1137 440 1202 iuxta
468 1136 571 1218 posita
599 1135 694 1202 etiam
731 1133 944 1214 inveniantur,
979 1134 1032 1199 ubi
1066 1134 1242 1202 enuntiatio

116 1237 287 1320 praecedat
307 1237 505 1304 affirmativa.

113 1406 116 1410 Α
202 1339 319 1407 Similis
342 1348 390 1406 est
413 1342 553 1407 condicio
575 1359 745 1422 paucorum
768 1339 1002 1407 enuntiatorum
1031 1339 1242 1408 relativorum.

114 1441 179 1508 Ubi
206 1443 287 1508 enim
318 1444 480 1509 enuntiato
507 1444 601 1510 alicui
628 1442 760 1509 relativo
786 1444 921 1508 alterum
950 1443 1130 1509 adnectitur
1159 1445 1241 1524 quod

113 1544 242 1626 gravius
264 1544 385 1628 aliquid
408 1545 514 1627 affert,
542 1545 718 1629 pronomini
741 1544 895 1610 enuntiati
918 1547 1048 1612 alterius
1071 1548 1240 1628 apponitur

115 1643 206 1712 adeo.

203 1751 314 1833 Amph.
331 1753 410 1820 678:
434 1749 634 1833 ‘Amphitruo
658 1768 787 1815 uxorem
803 1749 920 1814 salutat
937 1785 976 1797 -
995 1769 1088 1832 quam
1104 1752 1241 1816 omnium

114 1851 232 1918 Thebis
254 1855 302 1919 uir
317 1874 411 1920 uuam
428 1874 497 1921 esse
519 1861 679 1937 optumam
702 1852 855 1918 diiudicat
877 1871 1033 1934 quamque
1057 1851 1171 1934 adeo*)
1195 1853 1240 1935 (id

114 1956 200 2037 quod
235 1956 337 2022 maius
365 1959 448 2040 esti)
482 1960 564 2023 cives
594 1956 733 2022 Thebani
761 1974 836 2021 vero
870 1955 1050 2020 rumiiicant
1082 1955 1239 2036 probam'.

113 2058 213 2124 Poen.
230 2059 254 2139 I,
271 2060 301 2140 2,
318 2059 359 2125 53
371 2077 433 2140 sq.:
457 2053 531 2126 ‘Vis
558 2060 641 2125 inter
669 2063 746 2124 istus
774 2059 931 2123 vorsarier
959 2058 1130 2138 prosedas?
1160 2078 1241 2141 quae

113 2160 175 2225 tibi
200 2160 305 2227 oleant
334 2162 493 2228 stabulum
518 2200 556 2210 -
580 2181 658 2244 quas
687 2162 766 2226 adeo
797 2160 880 2223 baud
910 2161 1074 2241 quisquam
1103 2180 1240 2243 unquam

113 2263 197 2329 liber
233 2262 372 2345 tetigit'3
410 2265 464 2331 ubi
498 2286 636 2350 quasque
673 2261 873 2329 scribendum
908 2263 1124 2344 proposuerim
1167 2263 1240 2347 (sed

114 2364 155 2430 cf.
180 2366 253 2446 Cic,
277 2368 316 2434 de
337 2365 389 2431 fin.
407 2367 445 2443 Π,
472 2367 520 2446 12,
544 2366 609 2449 37).
644 2366 747 2448 Aquil.
770 2364 808 2429 ir.
832 2384 858 2429 c.
875 2365 910 2429 2:
940 2364 985 2429 Ut
1007 2364 1093 2428 illum
1117 2364 1149 2428 di
1171 2383 1239 2446 per·

113 2468 193 2534 dant
207 2468 326 2550 primus
349 2471 402 2551 qui
425 2470 519 2534 horas
542 2470 683 2551 repperit
703 2468 820 2551 quique
835 2466 1048 2548 adeo-primus
1064 2468 1177 2531 statuit
1191 2466 1242 2531 hic

113 2569 273 2636 solarium.
745 2567 748 2572 ’

200 2674 271 2741 Uno
298 2675 366 2742 loco
397 2675 471 2761 quia
499 2673 709 2739 coniunctioni
741 2669 820 2736 adeo
848 2672 1030 2738 adiunctum
1063 2672 1239 2738 invenitur:
1341 2734 1344 2739 ,

114 2772 192 2841 Oist.
209 2777 233 2857 1,
250 2780 279 2853 l,
296 2766 379 2844 1232,
401 2779 482 2857 Quin
506 2796 563 2859 ego
584 2795 666 2842 nunc
681 2776 756 2856 quia
770 2794 840 2840 sum
855 2780 969 2841 onusta
984 2777 1047 2856 (vel
1060 2771 1239 2859 ‘honesta')

110 2890 185 2944 mea
212 2899 249 2945 ex
278 2885 448 2960 sententia,
481 2880 618 2963 quiaque
653 2881 731 2946 adeo
760 2899 812 2945 me
842 2879 993 2960 complevi
1019 2875 1095 2943 flore
1122 2878 1238 2957 Liberi,

108 2998 205 3062 mage
231 2981 330 3049 libera
359 2985 405 3048 uti
435 2986 542 3066 lingua
570 2983 793 3051 conlubitumst
821 2979 921 3045 mibi'.
967 2981 1056 3059 Quod
1078 2981 1105 3045 si
1128 2981 1240 3063 grada-

108 3083 230 3148 tionem
253 3085 355 3151 inesse
375 3087 407 3151 in
431 3087 534 3153 verbis
556 3087 801 3152 concesserimus
817 3084 910 3150 lectio
926 3093 1039 3148 onusta
1054 3084 1153 3164 magis
1168 3101 1240 3165 pro·

109 3185 217 3252 banda
238 3188 362 3253 videtur
384 3207 478 3270 quam
500 3187 639 3254 bauceto.
676 3189 785 3254 Leno:v
808 3183 1060 3252 ‘conlubitumst
1081 3185 1168 3264 mihi,
1191 3184 1238 3250 in-

107 3288 193 3370 quit,
213 3288 342 3356 libere
364 3291 462 3373 loqui,
485 3293 560 3372 quia
582 3296 696 3358 onusta
717 3309 797 3370 sum,
821 3290 874 3372 qui
896 3308 979 3374 aque
1002 3307 1072 3354 cum
1096 3288 1238 3354 Libero
1262 3360 1264 3366 ,

107 3408 162 3456 me
184 3387 360 3474 complevi'.
393 3393 542 3460 Fortasse
564 3393 625 3459 huc
646 3393 783 3475 pertinet
806 3392 899 3457 etiam
923 3389 1022 3454 Lucil.
1045 3408 1073 3453 v.
1093 3388 1205 3454 892L:

103 3487 275 3576 ‘Quodque
296 3498 376 3563 adeo
398 3496 515 3562 fuerint
536 3499 590 3578 qui
614 3503 753 3562 temnere
776 3530 814 3542 -
840 3489 1035 3574 superbum'.

198 3598 316 3664 Eodem
340 3600 432 3665 modo
451 3599 623 3680 eademque
641 3599 762 3664 ratione
779 3595 858 3659 adeo
873 3598 960 3660 iuxta
982 3594 1057 3672 sice,
1080 3593 1153 3657 nine
1168 3613 1238 3675 par·

105 3701 225 3766 ticulas
253 3702 389 3783 ponitur.
434 3699 530 3766 Mera.
547 3701 626 3768 993:
655 3697 707 3766 ‘Si
727 3699 833 3765 hercle
863 3699 1037 3772 scivissem,
1065 3697 1131 3762 siue
1158 3697 1237 3762 adeo

103 3803 211 3869 ioculo
234 3803 364 3870 dixisset
386 3804 469 3883 mibi,
494 3823 529 3870 se
544 3804 628 3870 illam
643 3821 759 3882 amare,
782 3819 943 3884 nunquam
958 3801 1092 3866 facerem
1115 3792 1234 3882 (uenn

102 3904 159 3974 ich
182 3923 217 3972 es
238 3913 376 3988 geuusst
397 3907 475 3973 oder
497 3925 585 3972 uenn
608 3926 642 3972 er
664 3924 698 3971 es
721 3903 801 3970 auch
822 3923 882 3969 nur
896 3902 940 3967 im
957 3901 1071 3968 Schera
1087 3897 1236 3984 gesagt’).

177 4131 200 4196 ⁹)
217 4127 330 4198 Langen
347 4143 400 4182 non
418 4133 507 4182 recte:
531 4127 596 4179 adeo
614 4150 647 4175 =
663 4133 808 4192 praetcrea.
