2888 4770
611 312 814 409 Aa..

157 517 230 582 Pac.
252 517 290 581 lr.
306 524 347 581 tr.
364 515 441 582 300:
469 512 519 581 ‘Si
542 523 574 582 te
596 522 721 598 regeret
743 517 844 599 pudor
866 515 931 581 sive
954 516 1031 582 adeo
1054 535 1109 581 cor
1124 514 1284 598 sapientia

154 618 308 683 imbutum
332 617 437 684 foret’.
478 619 569 684 Truc.
584 617 639 698 IV,
663 619 698 699 3,
722 620 780 685 59:
812 612 946 683 ‘Verum
975 617 1030 703 qui
1057 619 1231 700 improbust
1255 619 1282 682 si

155 721 277 802 [urnas]
301 720 380 785 bibit
402 721 467 786 sive
490 721 568 786 adeo
591 728 678 787 caret
707 727 835 800 temeto,
866 725 969 786 tamon
999 721 1038 787 ab
1068 720 1192 802 ingenio
1223 721 1282 784 im-

154 821 349 904 probust'*).
395 821 508 904 Amph.
531 823 609 904 prol.
626 826 682 889 71:
712 821 791 890 ‘Seu
813 826 867 907 qui
889 825 956 906 ipse
978 823 1122 888 ambissit
1144 841 1200 886 seu
1222 841 1283 904 per
1326 814 1328 818 ’

154 924 398 989 internuntium:
430 926 495 991 sive
518 928 596 992 adeo
619 927 735 993 aediles
758 926 924 1009 perfidiose
946 927 1021 1007 quoi
1044 923 1213 1006 duiut’**).
1307 994 1308 998 ,

240 1028 276 1092 In
299 1025 395 1092 Mero.
419 1047 446 1091 v.
466 1027 563 1092 1018:
593 1025 757 1111 ‘siquem
780 1030 927 1094 scibimus
955 1047 1011 1094 seu
1040 1028 1186 1091 maritum
1212 1026 1281 1091 sive

153 1129 258 1196 hercle
281 1130 359 1194 adeo
382 1129 529 1196 caelibem
558 1130 743 1210 scortarier,
772 1151 841 1197 cum
873 1150 909 1197 eo
939 1149 995 1195 nos
1025 1132 1083 1195 hac
1111 1130 1179 1209 lege
1197 1147 1283 1210 age-

153 1229 251 1311 mus’,
267 1230 459 1311 scripserim:
470 1229 552 1297 ‘sive
567 1232 645 1297 adeo
661 1231 779 1298 herclc’
799 1233 850 1316 (cl.
867 1233 986 1297 Ritschl
1003 1233 1061 1313 Op.
1074 1230 1130 1311 ΙΙΙ,
1146 1250 1176 1311 p.
1190 1229 1281 1313 250),

154 1334 215 1400 nisi
238 1332 424 1400 vocabulum
454 1331 556 1398 lecolo
584 1354 640 1416 per
670 1333 749 1398 adeo
778 1336 898 1401 intendi
926 1336 1035 1401 mavis.
1081 1334 1162 1400 Ruc.
1181 1333 1281 1399 1420:

150 1433 227 1503 ‘Vos
250 1437 291 1502 ad
313 1455 423 1501 venam
446 1455 563 1516 vocem,
586 1438 618 1501 ni
641 1438 773 1502 daturus
795 1437 838 1502 nil
860 1440 919 1503 sim
939 1456 1040 1521 neque
1055 1437 1098 1502 sit
1113 1436 1282 1519 quicquam

153 1539 284 1624 pollucti
306 1538 405 1615 domi,
432 1539 504 1604 nive
533 1541 611 1604 adeo
639 1546 766 1606 vocatos
789 1528 913 1606 credam
936 1559 991 1606 vos
1014 1559 1083 1606 esse
1105 1540 1144 1604 ad
1169 1556 1279 1604 cenam

154 1638 260 1709 loras’.
306 1643 375 1706 Aul.
392 1641 529 1721 mosa:
569 1637 624 1705 ‘Di
655 1661 704 1706 me
732 1641 865 1724 perdant
895 1642 920 1706 si
952 1661 1008 1724 ego
1037 1643 1083 1706 tui
1112 1642 1280 1724 quicquam

153 1745 269 1811 abstuli
291 1745 362 1809 nive
384 1745 462 1809 adeo
486 1743 654 1809 abstulisse
676 1745 786 1810 vellem
808 1764 866 1810 me.

240 1845 318 1910 Cum
339 1844 417 1910 adeo
440 1847 488 1910 his
510 1847 585 1912 locis
608 1847 717 1912 eadem
741 1849 861 1912 ratione
883 1847 1057 1912 adhibitum
1087 1866 1155 1911 csse
1183 1852 1281 1927 atque

154 1951 192 2015 iis
222 1967 303 2031 quae
330 1967 426 2030 supra
459 1948 575 2030 protuli
606 1950 783 2029 rideamne,
820 1951 918 2016 evinci
951 1957 1028 2032 puto
1065 1949 1174 2014 falsam
1208 1966 1280 2015 esse

154 2051 349 2135 opionionem
372 2071 480 2118 eorum
503 2053 557 2132 qui
580 2053 686 2118 dicant
708 2052 893 2134 particulam
917 2072 987 2118 cum
1008 2050 1278 2118 coniunctionibus

153 2174 234 2236 quac
257 2155 468 2221 condicionem
490 2156 628 2221 indicant
656 2155 853 2221 coniunctam
883 2154 1058 2237 significare
1086 2177 1172 2217 meac
1195 2153 1276 2230 abac,

153 2280 240 2321 wenc
262 2257 405 2321 wirlclicd
429 2257 475 2341 (εἴ
491 2259 550 2341 γε).
586 2258 676 2337 Quod
699 2278 737 2322 nc
760 2277 797 2322 ea
820 2258 945 2339 quidem
968 2276 1001 2322 re
1023 2257 1151 2337 infringi
1173 2260 1279 2338 potest

153 2361 236 2443 quod
266 2361 297 2425 in
326 2361 463 2426 Terentii
493 2360 631 2426 Andriae
654 2379 692 2447 lv.
709 2361 772 2424 440
800 2362 878 2426 hacc
906 2360 1069 2442 leguntur:
1097 2355 1197 2423 ‘Num
1234 2356 1279 2422 illi

154 2463 304 2529 molestae
326 2464 485 2546 quidpiam
508 2463 584 2529 hacc
607 2468 681 2528 sunt
703 2462 854 2544 nuptiae?
877 2463 890 2544 ΙΙ
910 2462 993 2526 Nihil
1016 2461 1134 2527 hercle:
1162 2466 1227 2540 aut,
1250 2461 1279 2524 si

153 2567 241 2640 adeo,
264 2567 382 2632 biduist
404 2571 460 2630 aut
482 2565 578 2630 tridui
598 2565 676 2630 haec
692 2561 892 2630 sollicitudo’.
927 2565 1059 2646 Ellipsin
1075 2565 1125 2630 hic
1139 2569 1280 2628 statuen-

151 2666 228 2733 dam
252 2673 328 2748 puto
350 2668 451 2734 velut:
480 2663 524 2732 ‘si
547 2668 625 2733 adeo
648 2685 699 2732 res
722 2669 866 2749 pervenit
894 2667 935 2749 (si
958 2667 1036 2732 adeo
1060 2666 1121 2747 est)
1151 2673 1187 2730 ut
1214 2684 1278 2729 mo-

152 2768 252 2835 lestae
273 2765 356 2835 sint'.
402 2770 549 2834 Pseuduli
572 2789 600 2834 v.
619 2770 718 2848 1104,
747 2771 800 2851 qui
823 2771 864 2835 ad
887 2771 968 2834 hunc
989 2768 1163 2852 particulae
1186 2787 1278 2834 usum

153 2872 348 2954 probandum
372 2872 571 2951 afferebatur,
595 2872 668 2937 olim
691 2873 752 2936 iam
776 2874 959 2939 emendatus
975 2878 1023 2937 est
1038 2880 1070 2938 et
1085 2873 1129 2936 sic
1144 2870 1278 2951 legitur:

147 2972 262 3041 ‘nisisi
285 2973 491 3040 admonitust'
517 2975 565 3039 vel
583 2971 655 3038 ‘nisi
676 2979 726 3040 est
740 2973 930 3040 admonitus'
956 2976 1092 3057 (veteres
1109 2973 1277 3039 editiones:

147 3075 221 3143 ‘nisi
243 3078 321 3143 adco
345 3072 518 3158 monitus’).

239 3178 360 3257 Quibus
385 3179 553 3260 disputatis
577 3181 716 3245 venimus
739 3179 897 3246 adolium
920 3179 1093 3263 particulae
1115 3199 1206 3245 usum
1224 3180 1278 3258 qui

151 3282 224 3349 huic
247 3289 296 3348 est
318 3281 502 3348 simillimus.
547 3282 592 3347 Ut
614 3284 695 3347 euim
724 3282 898 3349 enuntiatio
926 3284 1031 3363 aliqua
1059 3283 1152 3364 plena
1182 3299 1277 3362 supra

152 3384 277 3449 modum
301 3384 493 3450 efferebatur
507 3384 561 3449 illa
576 3385 695 3463 addita,
719 3387 764 3450 sic
780 3383 858 3447 adeo
874 3386 968 3450 etiam
985 3386 1127 3450 adhiberi
1143 3389 1277 3466 poterat,

153 3491 189 3551 ut
211 3487 303 3553 unius
326 3487 418 3552 modo
441 3487 583 3552 vocabuli
607 3487 652 3551 vis
680 3486 898 3553 intenderetur
927 3490 958 3552 et
988 3488 1019 3550 in
1050 3488 1080 3551 id
1109 3488 1279 3569 praecipua

153 3594 388 3654 converteretur
411 3590 628 3659 consideratio.
662 3588 760 3666 Quem
776 3590 950 3672 particulae
966 3607 1058 3654 usum
1074 3589 1165 3654 exiis
1180 3608 1280 3654 enun-

153 3690 240 3755 tiatis
263 3695 367 3755 ortum
389 3710 459 3757 esse
482 3692 682 3771 crediderim,
710 3691 880 3774 inquibus
909 3692 1011 3756 altera
1039 3691 1195 3756 sententio
1223 3709 1279 3771 per

222 3931 243 3996 Ἰ
261 3929 295 3984 Η,
315 3930 348 3983 A.
366 3929 459 3997 Koch,
482 3929 735 3998 Jahrb.107,4nuz
755 3929 794 3984 ‘si
813 3929 955 3993 combibit,
979 3929 1035 3986 sive
1059 3928 1126 3984 adeo
1145 3936 1220 3985 caret
1237 3935 1279 3984 te·
1311 3931 1313 3935 ’

153 4014 276 4070 metum'.

222 4119 257 4187 ⁶⁴)
274 4119 309 4173 ct.
326 4119 392 4174 Luc.
405 4123 456 4175 259
468 4120 513 4174 L.:
536 4118 656 4173 ‘Gizeria
673 4118 763 4173 insunt
782 4119 838 4174 siva
857 4118 925 4174 adeo
943 4117 1094 4188 hepatioa'.
