2888 4770
701 346 741 409 47

240 551 330 630 Quod
346 549 374 615 si
389 567 496 614 verum
520 553 577 629 est,
600 551 684 632 quod
707 551 938 616 demonstrasse
960 549 1035 614 mibi
1057 549 1175 626 videor,
1198 559 1280 612 tame

155 654 341 738 particulam
364 655 404 719 ab
426 653 515 718 initio
537 653 633 718 fuisse
657 655 910 734 comparativam,
934 651 1063 717 diluitur
1085 670 1192 718 eorum
1215 650 1280 734 opi·

153 758 207 824 nio
229 756 284 841 qni
305 763 417 840 putent
441 768 521 820 tomo
551 776 588 822 ex
610 756 806 835 correptione
834 774 903 821 esse
925 754 1040 821 factum
1068 775 1106 819 ex
1120 755 1281 837 particula

154 862 354 928 adversativa
378 871 495 938 tomen,
526 867 557 925 et
580 858 735 926 evincitur
756 869 831 936 tom,
854 859 907 923 ubi
930 859 960 923 in
984 857 1148 925 sententiis
1170 858 1280 923 adver·

154 965 265 1030 sativis
280 964 405 1046 legitur,
429 982 547 1028 meram
559 963 744 1043 particulam
759 980 828 1028 esse
844 963 1097 1044 comparationis.
1131 960 1187 1026 Cui
1211 980 1280 1028 sen-

155 1067 273 1136 tcntiae
295 1087 441 1150 maguum
464 1065 539 1131 mibi
563 1067 776 1131 adiumentum
804 1065 877 1130 inde
904 1067 1008 1146 parari
1039 1066 1172 1144 videtur,
1194 1063 1278 1144 quod

157 1169 329 1253 particulae
352 1181 416 1234 tam
439 1169 502 1232 etsi
521 1169 703 1236 coniunctae
730 1166 848 1250 ubique
877 1166 943 1232 fere
971 1170 1016 1233 ita
1038 1168 1164 1233 suntin
1187 1185 1279 1233 versu

157 1274 415 1354 pronuntiandae,
431 1281 467 1337 ut
483 1273 615 1337 duarum
631 1272 723 1337 modo
739 1270 928 1353 syllabarum
944 1276 1080 1351 aequent
1101 1288 1279 1335 mensuram

154 1383 187 1442 et
207 1377 326 1459 primae
350 1377 429 1441 duae
452 1374 590 1457 syllabae
612 1375 643 1438 in
659 1393 753 1439 uuam
769 1375 996 1459 corripiantur3
1018 1375 1100 1457 quod
1123 1372 1194 1439 fieri
1217 1392 1278 1438 non

154 1479 295 1562 potuisse
317 1479 501 1561 putaverim,
525 1479 551 1542 si
575 1490 639 1541 tom
661 1496 698 1543 ex
722 1487 824 1540 tamen
847 1483 931 1543 esset
953 1483 1130 1558 correptum
1138 1477 1175 1558 Ἴ.

239 1583 309 1648 Duo
333 1582 425 1648 modo
455 1580 516 1648 loci
538 1581 693 1648 constanti
724 1599 815 1662 quem
845 1581 910 1646 dixi
933 1579 1005 1646 usui
1027 1583 1213 1663 repugnant,
1241 1579 1279 1644 de

155 1685 269 1768 quibus
292 1686 462 1750 videamus.

239 1788 276 1854 In
299 1786 389 1855 Cure.
413 1807 461 1851 vv.
478 1788 550 1853 503.
567 1788 630 1852 504
653 1787 817 1868 leguntur:
923 1869 926 1875 Ι

277 1908 331 1978 Qui
352 1907 490 1980 constitit,
510 1907 628 1983 culpant
647 1923 719 1977 aum,
741 1905 914 1981 conspditur,
936 1905 1118 1980 vituperatur,

278 2003 349 2061 Eum
370 2001 428 2061 rdm
448 2002 586 2075 fidamque
606 2003 731 2076 perdere,
757 2003 814 2061 tam
836 2002 890 2061 atsi
909 2002 950 2060 nil
971 2000 1047 2072 facit,
1069 2001 1157 2060 aiunt.

155 2115 243 2192 Quae
265 2114 291 2178 si
314 2114 454 2179 codicum
486 2114 642 2195 scriptura
670 2132 746 2178 vera
769 2116 869 2190 esset,
897 2113 1007 2177 ultima
1032 2109 1167 2198 perdere
1194 2112 1279 2180 vocis

155 2217 277 2298 syllaba
292 2216 340 2280 vel
356 2226 422 2278 cum
436 2217 663 2298 produceretur
678 2233 805 2281 necesse
821 2221 919 2293 esset3
942 2215 1085 2296 equidem
1101 2214 1152 2281 bic
1167 2225 1279 2295 tamen,

155 2319 238 2401 quod
262 2318 393 2383 Botbius
421 2337 482 2382 uno
512 2317 543 2381 iu
566 2316 673 2383 codice
701 2317 762 2398 legi
791 2322 944 2395 testatur,
972 2319 1165 2397 scripserim,
1194 2320 1278 2400 quod

154 2421 269 2504 optimc
291 2422 351 2486 buc
381 2421 536 2502 quadrare
565 2427 650 2500 puto.
695 2420 797 2483 Aluna
824 2421 905 2485 enim
935 2419 1030 2485 verbo
1057 2420 1163 2486 addito
1185 2422 1279 2502 signi·

154 2522 265 2588 beatur
288 2524 383 2588 verba
404 2523 519 2587 ‘tamen
542 2523 601 2587 etsi
623 2523 665 2587 nil
688 2517 774 2588 iecit'
800 2521 957 2602 proverbii
980 2521 1047 2588 loco
1071 2524 1140 2589 dici.
1176 2524 1279 2592 Habe·

157 2644 224 2691 mus
249 2626 348 2709 igitur
370 2625 613 2690 enuntiationem
637 2626 771 2706 aliquam
794 2644 855 2693 non
878 2622 1011 2707 plenam,
1039 2626 1071 2689 in
1093 2645 1155 2707 qua
1177 2639 1278 2691 tamea

157 2727 216 2790 ecci
240 2727 402 2811 particulis
428 2726 531 2793 locum
558 2728 653 2792 inisse
676 2748 714 2793 ex
735 2747 783 2792 vv.
808 2727 905 2792 Andr.
929 2727 992 2790 864
1018 2734 1049 2792 et
1075 2725 1168 2794 Most.
1187 2731 1277 2811 1167,

155 2847 233 2913 quos
255 2849 351 2913 sopra
373 2831 509 2910 laudavi,
533 2834 674 2912 apparet.

239 2933 328 2999 Alter
351 2934 437 2998 locus
462 2939 510 2999 cst
533 2932 583 2998 Ps.
607 2953 635 2998 v.
652 2934 771 2999 244R:

349 3057 420 3116 Redi
440 3055 469 3115 dt
488 3056 600 3132 respice
621 3057 656 3115 ad
678 3074 737 3117 nos.
758 3059 815 3115 tam
836 3055 890 3115 alsi
911 3059 1087 3131 occupatu's,

152 3165 208 3232 ubi
239 3166 300 3231 iam
323 3165 545 3233 Fleckeisenus
574 3173 657 3232 recte
685 3167 825 3246 scripsit:
856 3161 935 3231 ‘tarn
966 3165 1049 3231 etsi’s
1079 3161 1277 3250 occupatus'3

154 3270 244 3334 cuius
267 3268 410 3334 lectionis
433 3269 568 3351 vestigia
589 3269 622 3334 in
645 3270 750 3337 codice
766 3270 792 3334 B
807 3267 907 3335 latere
929 3270 1013 3335 baud
1029 3272 1092 3335 scio
1118 3288 1158 3334 an
1181 3273 1279 3353 suspi-

154 3373 219 3436 cari
242 3372 412 3453 possimus:
436 3384 466 3434 ct
487 3373 540 3436 sio
564 3386 707 3459 capatus.

237 3470 304 3539 Iam
327 3494 396 3540 cum
418 3475 653 3558 probaverimus
673 3474 792 3557 priscos
813 3474 983 3557 scriptores
1007 3485 1071 3536 cam
1093 3472 1277 3556 particulam

76 3648 82 3669 ·,
154 3579 397 3658 comparativam
420 3580 515 3646 etiam
538 3580 569 3644 iu
592 3579 798 3645 adversativis
827 3578 1108 3655 enuntiationibus,
1138 3579 1277 3643 sednon

154 3677 213 3742 nisi
237 3679 419 3745 certissimis
443 3684 501 3748 sub
523 3682 645 3763 legibus
660 3681 813 3763 posuisse,
836 3682 911 3764 quid
927 3681 1074 3764 estquod
1097 3680 1277 3746 dubitemus

154 3780 269 3862 ubique
291 3791 358 3844 tam
379 3783 457 3849 illud
480 3805 536 3868 pro
553 3797 664 3863 tameo,
687 3785 771 3866 quod
793 3785 823 3849 in
847 3784 935 3850 libris
958 3784 1178 3866 manuscriptis
1201 3783 1276 3865 legi-

157 3884 217 3961 tur,
238 3884 442 3965 substituere,
465 3887 526 3952 nisi
549 3889 651 3952 iustae
673 3886 781 3953 afferri
818 3888 917 3952 ossint
940 3887 1073 3953 causae?

221 4057 244 4124 ⁰)
262 4055 424 4111 Ritscbelius
446 4064 497 4108 rom
521 4064 545 4108 el
569 4054 684 4124 syllabas
702 4057 741 4111 ita
758 3907 1015 4202 prtmhigvult,
1040 4060 1070 4109 ut
1088 4054 1178 4125 aliquo
1196 4053 1275 4109 modo

153 4142 253 4197 exenta
274 4142 349 4197 brevi
371 4141 458 4198 vocali
481 4161 499 4194 o
522 4157 576 4196 uua
600 4148 705 4197 mutum
728 4142 832 4212 syllaba
855 4158 890 4197 au
935 4148 993 4210 tur;
1021 4140 1050 4195 id
1073 4141 1145 4210 quod
1168 4141 1226 4210 ipse
1249 4145 1277 4194 at

152 4228 245 4284 Fleck.
264 4228 380 4298 quadam
397 4235 462 4312 nota
478 4229 608 4298 singulari
625 4229 664 4284 sio
681 4228 912 4298 significaverunt:
931 4202 1053 4315 titianeni.
