2888 4770
582 336 785 433 Aa„

50 535 52 539 ⁷
120 563 194 611 uere
214 539 429 612 consecutivis„
452 538 641 622 quibusda,
663 538 718 620 cic,
743 548 817 616 tum,
841 533 919 601 adeo
934 534 1109 617 particulae
1123 556 1249 620 praece·

120 646 211 722 dunt,
236 645 402 711 disserere.

207 743 441 813 Usitatissimus
463 744 491 809 is
519 749 568 810 est
595 744 643 806 ita
671 743 846 826 particulae
874 762 967 818 usus,
997 762 1098 826 equo
1127 744 1247 824 modus,

121 868 214 932 quem
238 847 403 932 significat,
425 847 472 913 sic
495 846 677 929 explicatur,
700 852 736 912 ut
758 847 956 912 enuntiatum
978 854 1130 933 sequatur
1149 860 1185 911 ut
1199 850 1248 914 vel

119 966 156 1016 ur
177 967 239 1016 coo
260 951 423 1034 particulis
446 951 572 1016 elatum.

206 1055 437 1134 Nonnunquam
461 1053 563 1135 posita
586 1052 802 1119 inveniuntur:
832 1053 880 1117 ita
902 1091 942 1101 —
965 1063 1001 1117 ut
1023 1053 1094 1138 qai:
1164 1088 1166 1092 ·

210 1158 295 1223 Asin.
311 1157 388 1221 505:
416 1153 482 1221 ‘Au
504 1155 551 1221 ita
582 1154 642 1220 tu's
669 1155 824 1232 animata,
855 1160 891 1221 ut
919 1153 973 1237 qui
1002 1173 1112 1235 expers
1139 1159 1247 1222 matris

120 1261 243 1343 imperii
263 1257 367 1324 sies'?
400 1255 491 1325 Ourc.
508 1258 580 1322 218.
605 1259 701 1323 Andr.
720 1259 791 1322 148.
815 1259 852 1324 cf.
870 1257 959 1339 Capi.
977 1258 1038 1321 737
1051 1277 1112 1340 sq:
1139 1256 1247 1325 ‘Hunc

121 1382 172 1428 me
193 1361 273 1426 uelle
295 1362 389 1425 dicite
404 1363 456 1433 'ita
478 1362 616 1425 curarier
638 1361 732 1442 nequi
755 1360 896 1426 deterius
917 1361 989 1427 huie
1004 1359 1047 1425 sit
1062 1359 1170 1442 quam'
1188 1367 1245 1426 eto.

208 1464 388 1529 Notandum
411 1482 484 1528 vero
507 1464 631 1529 videtur
653 1462 729 1526 illud
752 1465 834 1544 quod
858 1464 905 1525 sic
920 1461 1081 1528 rarissime
1096 1472 1247 1545 sequente

121 1567 285 1634 enuntiato
308 1567 506 1631 consecutivo
529 1565 654 1645 legitur.

208 1669 292 1734 Trin.
310 1669 371 1732 233
380 1685 444 1752 sq.1
473 1664 538 1733 ‘De
560 1669 619 1732 hac
643 1687 676 1731 re
699 1669 773 1732 mihi
797 1669 874 1733 satis
897 1669 959 1733 hau
982 1669 1093 1751 liquet:
1115 1670 1173 1734 nisi
1190 1669 1247 1735 hoc

43 1855 46 1860 .
122 1773 167 1837 sic
190 1771 313 1842 faciam,
337 1773 457 1853 opinor,
481 1777 516 1835 ut
538 1777 705 1852 utramque
728 1790 793 1836 rem
816 1771 916 1836 semul
931 1768 1106 1851 exputem’,
1130 1771 1182 1837 ubi
1198 1770 1245 1832 aie

120 1873 250 1957 proprie
272 1875 316 1938 ita
344 1874 613 1956 interpretandum
642 1879 705 1950 est,
741 1881 777 1939 ut
804 1872 832 1939 is
861 1875 913 1954 qui
944 1875 1083 1956 loquitur
1113 1872 1246 1955 digitum

122 1981 266 2058 proserat
289 1975 340 2059 (cf.
364 1974 460 2040 Haut.
483 1995 532 2040 vv.
549 1976 621 2039 676.
646 1977 718 2049 677,
740 1993 819 2057 quos
841 1977 880 2040 ad
905 1975 1000 2040 Andr.
1023 1994 1071 2039 vv.
1088 1975 1160 2039 804.
1184 1975 1245 2039 805

121 2079 273 2161 laudavi).

207 2182 359 2249 Similiter
374 2183 541 2248 adhibetur
556 2184 601 2246 sie
615 2184 645 2249 in
658 2203 707 2246 vv.
722 2183 806 2247 Asin.
818 2183 891 2261 455,
913 2182 964 2245 Ps.
979 2181 1051 2260 927,
1075 2182 1244 2259 Asinum,

122 2283 217 2351 Most.
233 2286 288 2366 111,
305 2285 335 2364 2,
351 2286 391 2349 35
415 2285 516 2368 (Lar.)
541 2285 632 2369 (Cato
649 2286 688 2351 de
703 2307 727 2350 r.
744 2305 769 2349 r.
788 2284 872 2366 161).
896 2284 934 2348 ci.
950 2282 1025 2348 Hor.
1043 2301 1091 2362 ep.
1107 2282 1133 2362 I,
1149 2285 1178 2363 7,
1195 2284 1244 2346 69.

213 2387 289 2452 Tam
310 2404 435 2468 quoque
458 2395 610 2473 sequente
632 2401 667 2452 at
689 2389 886 2459 consecutivo
909 2392 958 2452 ter
980 2385 1071 2452 modo
1094 2386 1245 2465 scriptum

121 2489 254 2572 legitur:

207 2593 288 2658 Rud.
305 2594 385 2659 756:
403 2587 471 2659 '‘Ni
495 2593 555 2658 erit
577 2598 641 2658 tam
664 2592 820 2659 sincerum
844 2597 879 2657 ut
901 2592 1003 2675 quivis
1026 2590 1112 2655 dieat
1127 2588 1246 2670 ampul-

121 2692 235 2760 larius’
259 2700 318 2762 etc.
362 2693 439 2761 Hec.
458 2695 528 2759 108.
558 2695 664 2775 Pomp.
688 2694 725 2759 fr.
749 2713 775 2760 c.
791 2694 821 2757 4.

206 2796 296 2876 Quod
319 2800 346 2862 si
368 2797 542 2863 subiectum
574 2797 727 2861 enuntiati
756 2794 934 2861 secundarii
963 2796 1044 2859 idem
1076 2798 1124 2859 est
1150 2799 1246 2875 atque

120 2898 261 2981 primarii
283 2905 354 2982 post
378 2909 443 2962 tom
465 2900 601 2982 positum
623 2898 783 2964 invenitur
805 2899 861 2984 qai
884 2897 1058 2963 relativum.

206 3000 293 3067 inin.
309 3003 387 3067 954:
409 2998 477 3066 ‘An
500 3000 552 3066 ille
574 3007 638 3066 tam
660 3002 776 3066 stultus
799 3007 883 3066 esset
904 3001 958 3082 qui
981 3000 1054 3064 mihi
1075 2996 1244 3065 crederet'.

120 3104 266 3183 Tmoli,
283 3105 314 3184 4,
330 3105 360 3168 4.
384 3103 475 3171 Ourc.
488 3104 560 3168 284.
583 3102 695 3186 Amph.
710 3104 781 3168 985.
806 3105 901 3169 Haut.
914 3103 985 3165 912.
1009 3102 1095 3166 Pers.
1109 3101 1180 3166 583.
1206 3101 1245 3166 cl.

121 3203 210 3271 Galo.
232 3205 263 3272 l.
280 3204 331 3269 24.
354 3206 405 3270 62.

207 3307 243 3374 Si
262 3308 418 3374 sententia
441 3314 472 3373 et
496 3308 650 3373 enuntiati
673 3309 816 3389 primarii
842 3313 875 3374 et
903 3306 1082 3374 secundarii
1111 3312 1246 3386 negatur

120 3408 197 3494 quia
227 3409 282 3494 (=
305 3411 361 3496 qui
382 3431 456 3488 aon,
485 3431 567 3493 quac
589 3432 668 3489 coa,
697 3409 783 3494 quod
803 3433 880 3488 aron,
909 3421 945 3473 ut
968 3409 1043 3492 uon)
1071 3406 1245 3490 particulae

121 3510 664 3596 mmmfflmm.

208 3615 267 3680 Ad.
283 3616 362 3681 855:
394 3610 580 3698 ‘Nunquam
604 3618 649 3680 ita
670 3616 835 3699 quisquam
860 3617 938 3683 beue
953 3615 1108 3682 subducta
1123 3613 1245 3681 ratione

120 3718 281 3785 advitam
309 3718 370 3785 fuit
397 3719 471 3801 quin
499 3737 550 3784 res
577 3725 665 3784 aetas
695 3737 771 3783 usus
799 3737 923 3801 semper
951 3718 1069 3798 aliquid
1097 3720 1245 3799 adportet

119 3818 222 3887 novi'.
266 3819 327 3887 Ad.
343 3821 415 3886 257.

206 3924 265 3989 Ad.
281 3925 358 3989 221:
380 3922 469 4008 ‘ugo
492 3941 650 4005 nunquam
673 3924 751 3990 adeo
774 3929 900 3990 astutus
922 3923 967 3990 fui
989 3922 1065 4007 quin
1088 3924 1241 4006 quidquid

118 4043 245 4110 possem
268 4024 391 4092 mallem
414 4026 540 4092 auferre
560 4027 667 4110 potius
689 4026 722 4091 in
745 4025 951 4109 praesentia'.

206 4128 293 4196 Asin.
309 4129 386 4193 944:
413 4124 496 4195 ‘Nec
519 4132 715 4215 quisquamst
738 4136 801 4194 tam
829 4129 953 4216 ingenio
983 4130 1062 4195 duro
1091 4147 1148 4194 nec
1178 4135 1242 4197 tam
