2888 4770
687 291 726 353 24

146 516 237 579 posse
260 495 418 562 confiteor.
456 496 554 561 Docet
569 495 652 561 enim
673 493 752 560 adeo
775 515 836 561 uuo
859 501 989 576 excepto
1015 497 1125 578 Amph.
1149 516 1177 562 v.
1196 498 1268 576 982,

147 600 202 666 ubi
221 596 356 683 proinde
377 599 527 665 adverbio
556 600 744 681 apponitur,
774 619 836 665 non
866 599 928 665 iam
953 621 972 666 a
993 599 1105 665 Plauto
1127 601 1269 665 substan·

147 701 230 782 tivis,
253 699 424 779 adiectivis‚
448 701 619 781 adverbiis,
640 702 744 767 verbis
767 702 907 766 additum
931 719 1009 780 esse,
1038 708 1073 767 ut
1095 703 1211 767 maiore
1233 721 1272 767 ea

148 802 179 868 vi
197 803 316 882 eierat,
339 822 410 869 cum
426 804 591 870 Terentius
607 803 741 884 plurima
757 803 898 887 exempla
912 805 1071 886 praebeat.
1112 803 1187 867 Mihi
1209 822 1271 869 non

147 926 242 974 causa
264 925 333 973 esse
355 907 489 985 videtur,
518 927 575 973 cur
597 907 679 973 hunc
701 908 875 990 particulae
898 926 989 973 usum
1011 926 1031 971 a
1053 907 1161 971 Plauto
1185 907 1272 970 ahiu-

147 1010 295 1084 dicemus‚
317 1028 387 1074 cum
410 1010 494 1075 haud
517 1028 589 1074 raro
612 1011 696 1092 apud
717 1029 787 1075 eum
803 1008 1041 1092 pronominibus
1064 1016 1096 1074 et
1115 1030 1197 1070 itanc
1218 1007 1270 1072 ad-

146 1111 255 1178 verbio
283 1109 360 1174 adeo
391 1112 568 1195 appositum
598 1114 806 1194 inveniamus;
842 1131 944 1198 neque
974 1113 1164 1195 persuadere
1196 1111 1270 1175 mihi

147 1233 274 1295 possum
290 1220 355 1278 tarn
371 1215 484 1296 exiguo
507 1218 656 1297 temporis
680 1216 782 1299 spatio
798 1217 972 1299 particulae
995 1235 1085 1281 usum
1109 1220 1272 1296 tantopere

149 1334 217 1383 esse
235 1316 402 1382 excultum.

234 1420 344 1485 Liceat
365 1418 441 1483 mihi
463 1419 605 1501 prolerre
627 1438 709 1501 quae
739 1420 807 1502 ipse
837 1424 876 1486 de
903 1421 1072 1503 improprio
1105 1427 1140 1485 ut
1162 1422 1206 1485 lta
1229 1421 1273 1486 di-

148 1543 216 1589 cam
239 1521 412 1603 particulae
428 1539 488 1587 usu
504 1523 646 1596 sentiam,
670 1542 687 1588 e
703 1542 764 1605 quo
780 1523 827 1587 ita
841 1522 1018 1602 adhibetur,
1042 1528 1154 1588 utnon
1178 1542 1273 1588 enun-

149 1625 219 1690 tiati
241 1625 374 1691 alicuius
397 1627 570 1690 membrum
594 1643 631 1690 ea
654 1627 695 1690 sit
717 1625 849 1691 liberum
873 1624 1087 1709 solutumque,
1118 1627 1202 1709 quod
1224 1632 1274 1691 est

149 1728 197 1793 sui
219 1728 297 1793 iuris
319 1733 356 1792 nt
377 1727 408 1792 io
431 1728 470 1792 iis
492 1726 587 1806 locis,
619 1729 650 1793 in
673 1730 787 1809 quihus
811 1728 955 1807 deloco,
987 1730 1025 1795 de
1048 1735 1206 1810 ternpore,
1234 1729 1273 1793 de

149 1831 302 1911 qualitate
317 1829 440 1908 dicitur,
464 1831 519 1897 sed
535 1838 571 1896 ut
588 1831 668 1896 nihil
689 1832 793 1898 valeat
814 1832 876 1897 nisi
897 1851 967 1898 cum
984 1832 1146 1898 enuntiato
1169 1832 1273 1911 aliquo

147 1934 197 1999 vel
219 1932 371 1998 vocabulo
394 1934 551 2000 artissime
574 1935 788 2017 eo'niuncta*).

234 2039 338 2117 Atque
361 2035 495 2118 primurn
519 2037 645 2118 quidem
667 2039 842 2118 particulae
870 2039 957 2103 locus
985 2044 1033 2105 est
1054 2038 1086 2103 in
1110 2038 1273 2103 sententiis

150 2138 364 2214 conserendis,
392 2138 447 2204 ubi
469 2138 568 2204 oratio
596 2138 779 2205 ascendite
802 2141 975 2207 minoribus
1001 2141 1042 2206 ad
1074 2141 1220 2221 graviora
1243 2147 1274 2207 et

150 2243 283 2320 maiora,
311 2241 357 2306 ita
385 2240 512 2321 quidem
541 2245 577 2305 ut
597 2243 753 2322 particula
775 2243 884 2308 addita
907 2244 1064 2311 indicetur
1086 2246 1273 2309 sententiam

150 2343 243 2409 alteri
265 2344 464 2425 praecedenti
487 2344 622 2425 quodam
645 2344 737 2411 modo
755 2347 869 2427 opponi
892 2352 924 2410 et
946 2348 1063 2412 maiore
1085 2348 1220 2429 quadam
1244 2348 1274 2412 vi

151 2445 255 2512 efferri
276 2452 371 2527 atque
392 2446 503 2511 attolli.
548 2445 670 2513 Deinde
699 2447 745 2512 ita
772 2448 899 2530 ponitur
929 2455 965 2513 ut
992 2450 1084 2514 unius
1107 2451 1198 2515 modo
1222 2468 1274 2515 vo·

151 2549 254 2615 cabuli
277 2550 339 2613 vim
361 2555 477 2631 augeat
499 2550 595 2630 idque
616 2551 699 2615 inter
720 2549 841 2631 reliqua
863 2552 976 2618 reddat
998 2553 1193 2617 eminentius.

237 2652 341 2732 Atque
363 2659 399 2717 ut
421 2653 460 2717 de
482 2653 637 2734 particula
663 2653 695 2717 in
724 2655 888 2720 sententiis
911 2655 1111 2721 conserendis
1134 2655 1275 2720 adhibita

152 2755 263 2834 dicam,
286 2755 420 2834 primum
436 2755 572 2836 quidem,
595 2755 648 2821 ubi
665 2757 870 2822 enuntiationi
886 2757 978 2823 alicui
999 2752 1197 2838 praecedenti
1220 2756 1274 2822 ad-

150 2857 292 2938 iungitur
313 2857 375 2920 alla
396 2857 552 2922 sententia
580 2873 661 2937 quae
691 2859 792 2922 maius
819 2857 937 2939 aliquid
967 2866 999 2924 et
1025 2861 1151 2940 gravius
1173 2859 1275 2937 affert,

153 2957 232 3022 odeo
254 2957 370 3038 legitur
392 2958 591 3023 coniunctum
614 2978 682 3025 cum
707 2962 861 3041 particula
883 2962 1061 3043 copulativa
1084 2972 1186 3045 atque,
1213 2980 1277 3043 qua

152 3061 221 3128 sola
241 3060 304 3126 iarn
327 3059 442 3143 quippe
472 3079 554 3144 quae
584 3067 654 3127 orta
676 3064 717 3127 sit
745 3083 782 3127 ex
811 3061 856 3125 ad
882 3072 913 3129 et
940 3087 999 3148 qne
1028 3065 1061 3148 (i.
1085 3085 1110 3130 e.
1134 3066 1274 3148 insuper,

150 3161 330 3249 praetcrea)
353 3163 392 3227 iis
414 3181 496 3245 quae
518 3169 613 3228 antea
636 3164 720 3229 diota
742 3171 816 3229 sunt
838 3165 955 3245 aliquid
979 3167 1104 3232 maioris
1127 3167 1273 3233 moment'

152 3267 293 3333 additur.
316 3264 547 3331 cf.Rud.121.
571 3265 682 3347 Amph.
700 3263 771 3330 755.
795 3267 845 3330 Ps.
863 3267 935 3331 739.
959 3269 1071 3334 Bacch.
1089 3269 1160 3334 538.
1185 3268 1275 3349 Oapt.

153 3369 226 3433 583.
254 3367 345 3447 Epid.
368 3367 418 3431 30.
449 3367 544 3433 Haut.
567 3368 639 3432 734.
683 3367 788 3454 Atque
818 3367 897 3435 adeo
926 3371 1077 3437 vertimus
1104 3371 1171 3434 und
1200 3373 1276 3436 noch

154 3470 251 3550 mehr,
274 3467 343 3533 aad
363 3492 467 3556 sopor,
490 3470 541 3535 vel
563 3471 740 3537 accuratius
756 3470 823 3534 aad
844 3495 878 3536 so
898 3474 970 3537 weil
985 3475 1029 3538 iat
1052 3496 1083 3538 ee
1096 3475 1276 3559 pchommcn

154 3572 206 3658 (cf.
228 3572 433 3638 locutionem:
450 3567 541 3638 ‘adeo
564 3592 614 3638 res
637 3572 757 3640 rediit'.
791 3576 887 3640 Haut.
905 3577 982 3640 113:
999 3573 1173 3644 <Postremo
1197 3578 1276 3644 adeo

154 3694 205 3742 res
227 3675 337 3739 rediit:
367 3674 622 3741 adulescentulus
650 3695 743 3760 saepe
766 3679 875 3743 eadem
898 3679 1053 3744 audiendo
1076 3682 1176 3746 victus
1199 3678 1275 3745 est'.

153 3777 210 3843 Ph.
227 3778 277 3841 55.
305 3777 362 3841 Ph.
380 3779 454 3843 153:
483 3775 603 3844 ‘Adeon
633 3798 699 3846 rem
728 3783 846 3847 redisse
869 3788 968 3846 ut-
991 3791 1112 3865 patrem
1134 3819 1177 3833 -
1199 3785 1277 3850 exti-
1320 3868 1322 3872 ι

155 3898 301 3946 mescam.
323 3878 420 3949 Haut.
436 3883 523 3968 980).

225 4052 252 4117 11)
269 4049 311 4103 De
335 4048 403 4106 adeo
425 4052 561 4120 particula
583 4052 800 4122 disputauerunt:
824 4054 971 4122 Reinhold‚
995 4054 1028 4109 de
1051 4070 1102 4110 usu
1120 4060 1189 4124 part.
1208 4057 1276 4112 adeo

156 4135 231 4190 brev.
249 4134 408 4191 obseruatio.
426 4136 520 4211 Prim.;
544 4138 634 4208 Klein,
655 4139 685 4195 Z.
703 4139 723 4194 f.
740 4139 857 4195 Alterth.
878 4145 951 4210 1841,
969 4157 996 4210 p.
1013 4144 1188 4198 1300-1309.
