2888 4770
693 225 735 290 40

156 429 232 497 timo
254 429 322 497 iure
343 435 457 513 putare
479 429 568 498 nobis
590 429 753 499 videamur
772 449 826 497 eos
841 450 911 497 esse
927 432 1113 514 depravatos
1128 435 1161 498 et
1176 450 1279 498 emen·

160 530 287 599 datione
308 551 411 614 egere.

241 633 346 715 Atque
375 638 411 700 ut
438 635 477 701 ad
507 655 630 702 versum
660 637 748 703 illum
779 637 1005 718 Mostellariae,
1035 637 1118 703 unde
1147 634 1280 719 profecti

50 756 53 765 ·
157 754 275 815 sumus,
299 738 472 816 redeamus
495 757 566 806 eum
589 739 666 803 nihil
688 758 757 805 4444
781 757 894 806 444444
916 739 1100 819 viderimus,
1124 759 1179 803 444
1201 735 1280 802 adeo

156 838 331 924 particulae
353 840 528 909 notionem:
553 837 607 910 ‘ad
631 841 732 923 haeo',
750 839 946 927 ‘praeterea'
969 844 1171 922 vindicemus,
1194 843 1278 924 equi·

157 941 227 1009 dem
250 942 371 1009 codices
393 943 442 1009 ΕΖ
465 950 592 1011 4444144
613 946 829 1029 proposuerim
858 945 1009 1012 scribere:
1037 943 1102 1011 ‘Ab
1125 965 1162 1012 eo
1185 943 1280 1010 etiam

156 1043 266 1112 faenus
289 1046 442 1112 creditum
465 1046 583 1114 audio'.
702 1111 703 1117 ,

243 1147 332 1214 Alter
359 1149 446 1217 locus
475 1156 525 1218 441
545 1152 617 1217 Aul.
640 1171 688 1217 vv.
707 1152 780 1216 440.
796 1152 874 1232 441,
903 1151 956 1216 411
979 1150 1102 1217 codices
1130 1151 1211 1216 hanc
1234 1168 1283 1215 er·

161 1249 271 1317 hibent
292 1252 472 1319 lectionem:

706 1374 856 1434 1144114141
877 1373 930 1433 tibi
951 1373 1057 1434 1441444
1077 1375 1129 1433 441.

312 1466 391 1527 Adeo
412 1468 493 1527 4114
513 1484 603 1529 meam
624 1468 794 1528 4441441144
815 1467 870 1527 iam
892 1484 1007 1528 4444444
1027 1466 1132 1542 possis

163 1593 251 1659 Adeo
273 1595 332 1663 hoo
354 1593 422 1663 loco
444 1594 518 1662 ferri
541 1615 602 1663 non
625 1602 739 1679 potest,
770 1615 841 1662 cum
863 1614 925 1661 non
948 1597 1063 1662 habeat
1084 1613 1145 1676 quo
1168 1595 1284 1663 refera-

159 1705 221 1766 tur.
265 1700 335 1778 Qua
357 1700 396 1766 de
419 1719 515 1766 eausa
537 1701 630 1766 aliam
659 1699 714 1767 alii
735 1706 968 1784 proposuerunt
988 1698 1167 1778 lectionem,
1198 1698 1285 1765 velut

159 1803 337 1884 Wagnerus
361 1816 395 1865 et
408 1822 466 1887 pro
483 1802 562 1867 adeo
585 1804 637 1886 (of.
654 1804 747 1870 Poen.
767 1804 804 1884 V,
821 1804 850 1885 2,
866 1805 922 1868 69:
945 1801 1003 1869 ‘At
1018 1809 1055 1870 ut
1069 1804 1149 1870 44144
1164 1800 1284 1886 4444),

160 1905 286 1972 Bririus
309 1917 403 1991 atque
426 1904 504 1969 adeo
527 1905 640 1973 4411414
662 1905 708 1971 St.
730 1926 760 1970 v.
777 1906 855 1973 701:
874 1907 993 1989 ‘Atque
1008 1907 1088 1972 adeo
1103 1912 1139 1972 ut
1154 1912 1189 1971 14
1205 1907 1286 1972 44144

160 2006 287 2091 4ο4414’,
311 2008 365 2090 qni
386 2007 466 2074 alius
489 2014 538 2073 441
560 2006 762 2073 condicionis’
785 2005 837 2092 (41.
852 2026 882 2089 p.
899 2007 964 2089 26).
999 2006 1153 2090 Equidem
1169 2004 1286 2072 (14444-

162 2110 384 2177 1144144711
412 2110 565 2177 simillime
594 2109 787 2177 conformato
820 2107 940 2196 (Nune
966 2113 1045 2177 adeo
1074 2117 1110 2176 ut
1139 2116 1174 2176 tu
1204 2111 1286 2177 44144

163 2215 279 2299 444414,
300 2213 388 2292 1444,
418 2230 519 2279 meam
541 2209 758 2296 sententiam’)
787 2219 928 2294 respecto
951 2213 1130 2295 scripserim
1153 2216 1286 2280 seruatis

164 2316 350 2384 lectionibus
366 2326 400 2380 ta
415 2323 447 2383 41
460 2337 596 2396 pereae,
619 2315 685 2378 iam
700 2314 812 2395 deleto,
836 2316 919 2398 quod
937 2337 975 2383 ex
998 2316 1214 2400 dittographia
1236 2336 1287 2385 or-

163 2427 230 2486 tum
253 2439 321 2487 esse
343 2424 447 2501 potest
469 2438 508 2486 ex
528 2419 729 2501 praecedenti
751 2420 952 2486 sententiam:

289 2555 388 2621 ‘Nune
408 2556 479 2618 14144
499 2556 581 2616 4114
601 2553 772 2616 sententiam
792 2574 881 2617 meam
902 2557 1017 2618 4444444
1039 2554 1154 2634 possis',

164 2694 222 2756 441
242 2688 401 2770 Langenio
423 2690 516 2755 duee:

307 2819 401 2887 ‘Nune
420 2825 490 2886 4144
510 2826 542 2884 41
561 2840 652 2884 meam
672 2823 839 2885 4441441144
861 2823 917 2883 iam
936 2825 1009 2884 44144
1030 2783 1145 2899 possis'.

166 2956 238 3016 Eun.
254 2955 322 3014 744:

220 3082 287 3143 Solo
307 3084 337 3142 14
357 3083 468 3142 turbam
489 3081 563 3141 hano
582 3079 698 3156 4444144
718 3082 822 3141 144444
836 3079 959 3140 laetam?
981 3083 1010 3140 41
1030 3079 1098 3140 adeo
1113 3080 1148 3139 ad
1168 3082 1197 3140 14
1218 3080 1287 3140 1111-

928 3189 994 3234 nero
1014 3174 1089 3235 hano

205 3273 322 3334 Omnem
341 3274 418 3332 44441

167 3403 234 3469 1144
255 3399 324 3468 1444
347 3401 413 3466 4414
437 3409 466 3462 et
487 3396 565 3464 adeo
587 3399 744 3481 leguntur.
789 3397 953 3480 Equidem,
981 3416 1051 3462 oum
1073 3399 1287 3480 gradationem

165 3504 270 3570 inesse
291 3504 323 3567 in
346 3502 445 3568 altero
467 3502 620 3567 enuntiati
636 3502 773 3567 membro
795 3520 856 3567 non
872 3499 1061 3582 intellegam,
1086 3499 1164 3565 adeo
1186 3501 1288 3568 deleto

167 3612 200 3673 41
215 3604 357 3672 Bembini
379 3603 511 3670 14411444
524 3604 684 3689 pertinere
705 3624 762 3689 pro
784 3603 915 3667 attinere
930 3609 1065 3683 servata,
1088 3603 1287 3671 scribendum

166 3727 321 3793 propono:
339 3704 491 3775 ‘ldetami
513 3714 546 3773 41
567 3708 606 3773 ad
622 3712 654 3773 te
667 3708 824 3790 pertinere
839 3707 919 3772 hano
938 3707 944 3788 Ι
963 3705 1093 3772 Omnem
1108 3704 1197 3773 rem'.
1231 3708 1288 3774 Fa-

167 3813 279 3881 oillime
301 3811 368 3878 fieri
389 3813 506 3895 potuit,
535 3814 572 3877 ut
594 3799 671 3877 adeo
694 3813 726 3876 14
748 3819 868 3877 textum
890 3810 1056 3890 irreperet,
1085 3829 1154 3876 cum
1177 3811 1288 3878 iisdem

167 3901 299 3999 incipiat
329 3914 444 3983 litteris
476 3921 571 3999 atque
608 3911 767 3995 adtinere,
796 3914 879 3997 quod
912 3914 944 3978 in
974 3913 1102 3996 reliquis
1130 3915 1288 3982 codicibus

168 4018 293 4102 legitur.
