2888 4770
727 339 765 401 14

249 560 376 622 operam
404 539 535 606 datum?
573 538 668 606 Haut.
692 542 768 605 166:
804 541 876 608 Non
909 542 1054 608 convenit
1079 578 1121 589 —
1149 561 1231 609 nunc
1261 561 1312 608 me

249 643 354 726 ipsum
375 643 493 726 fugere.
517 641 530 725 ΙΙ
550 641 684 708 Sicinest
706 642 885 709 sentenu'n?
918 644 1014 711 Merc.
1032 645 1110 711 158:
1142 643 1247 710 Sicine
1269 643 1314 708 mi

249 746 424 826 obsequens
440 746 498 812 es?
531 745 628 812 Haut
645 747 721 811 691:
745 745 850 813 Sicine
864 747 939 811 mihi
954 747 1186 831 interloquerei
1217 747 1312 813 Poen.

251 849 280 926 Ι,
304 848 341 927 2,
366 847 441 912 173:
478 844 583 913 Sicine
610 867 668 930 ego
698 853 730 913 te
757 866 847 914 orare
874 847 973 914 iussi?
1005 850 1093 916 Pers.
1113 850 1172 918 42;
1209 849 1314 915 Sicine

250 951 309 1015 hoc
331 956 362 1016 te
385 949 462 1015 mihi
484 950 610 1017 fecere?
642 951 723 1017 Rud.
739 951 820 1018 884:
853 951 936 1019 Sicin
959 970 1009 1018 me
1031 951 1177 1035 spumis?
1213 953 1312 1018 Andr.

251 1054 328 1118 689:
361 1051 463 1119 Sicine
486 1091 525 1101 -
549 1071 599 1119 me
621 1053 804 1120 sollicitari?
840 1054 931 1121 Ourc.
954 1055 1033 1120 589:
1064 1054 1150 1122 Sicin
1172 1054 1249 1120 mihi
1276 1073 1312 1120 os

251 1175 320 1222 esse
342 1155 496 1223 oblitum?

187 1257 301 1326 Verbis
324 1259 528 1342 sequentibus
551 1260 597 1324 cic
618 1257 798 1326 illustratur
819 1260 852 1327 in
875 1281 941 1327 vu:

249 1360 301 1428 Ps.
318 1361 397 1425 32οι
426 1361 511 1427 Sicin
533 1361 576 1427 mi
598 1379 654 1443 aps
678 1367 710 1428 te
731 1363 811 1448 bene
833 1364 967 1431 merenti
989 1363 1070 1430 male
1091 1363 1227 1431 refertur
1242 1381 1313 1446 gra·

250 1464 317 1529 tia?
350 1462 426 1530 Oist
438 1463 463 1542 1,
482 1464 509 1544 1,
528 1465 607 1528 116:
636 1463 721 1531 Sicin
736 1466 898 1532 immunda
912 1468 996 1533 ibis?
1028 1466 1109 1531 Rud.
1125 1467 1198 1530 251.
1222 1466 1312 1531 Asin.

252 1566 328 1632 127:
356 1565 460 1632 Sicine
481 1567 541 1631 hoc
563 1566 623 1632 fot
652 1566 736 1633 forus
759 1567 890 1636 aedibus
914 1588 963 1637 me
985 1568 1103 1635 eicior?
1143 1570 1194 1634 Ps
1212 1569 1312 1636 1246:

250 1668 332 1748 Quid
354 1669 436 1736 hoc?
470 1669 567 1736 sicine
589 1670 646 1736 hoc
669 1669 728 1735 fit?
756 1671 861 1753 pedes,
887 1671 983 1738 statin
1007 1692 1047 1738 sn
1070 1670 1155 1738 non?

187 1771 319 1854 Proprie
342 1790 470 1838 munere
492 1772 635 1851 fungitur
656 1773 810 1855 particulo
833 1775 886 1839 ubi
909 1776 989 1858 quis,
1020 1781 1186 1859 postquam
1214 1775 1313 1841 multa

186 1894 292 1942 secum
326 1876 485 1957 reputavit
517 1876 593 1958 qnid
625 1874 801 1941 faciendum
835 1875 893 1955 sit,
928 1895 1010 1943 nunc
1040 1877 1124 1961 quod
1161 1878 1312 1960 optimum

186 1978 272 2043 suctu
295 1977 479 2059 cognoverit
501 1995 535 2043 se
556 1977 713 2043 facturum
736 1976 885 2044 declarat.
930 1981 977 2045 Es
998 1997 1080 2061 quae
1108 1981 1179 2062 quis
1209 1979 1312 2046 fecere

187 2098 221 2145 sc
244 2078 324 2145 velle
347 2079 488 2145 declarat
510 2079 601 2162 quusi
623 2080 683 2144 inm
707 2085 797 2161 gesta
819 2080 883 2145 sint
904 2080 1075 2164 finguntur.

252 2181 341 2263 capt.
357 2181 421 2245 494
434 2199 495 2263 sq.:
530 2182 562 2246 Is
584 2181 666 2246 diem
688 2181 804 2260 dicam,
834 2184 986 2266 inrogsbo
1009 2185 1155 2264 multam,
1179 2189 1216 2250 ut
1236 2184 1312 2249 mihi
1343 2234 1346 2240 .

251 2302 344 2350 cenos
366 2285 474 2350 decem
497 2301 565 2349 meo
588 2284 745 2350 arbitratu
767 2287 860 2360 dent,
890 2304 984 2369 quom
1012 2305 1086 2352 ocra
1113 2306 1237 2354 annona
1258 2288 1310 2353 sit.

139 2431 142 2439 -
251 2388 296 2454 sic
311 2406 413 2468 egero.
448 2385 494 2450 St.
511 2387 588 2452 429:
619 2387 667 2451 Ad
684 2405 791 2454 cenum
808 2389 859 2455 ibo
875 2426 914 2436 -
931 2387 977 2454 sic
999 2387 1057 2455 hoc
1079 2390 1191 2471 piacet.
1224 2388 1311 2455 Trin.

252 2493 330 2555 716:
360 2490 413 2557 Sic
434 2489 633 2557 sententiast.
678 2492 792 2574 Amph.
808 2493 887 2556 261:
920 2492 1007 2557 Haec
1029 2492 1074 2557 sic
1099 2491 1202 2558 dicem
1228 2509 1311 2557 erue.

251 2595 311 2659 Ad.
328 2594 408 2660 786:
442 2592 493 2659 Sic
521 2610 614 2674 agam
643 2590 876 2675 (cf.exemp1a‚
903 2594 1076 2676 inquibus
1105 2595 1151 2660 sic
1177 2592 1313 2660 orationi

251 2697 390 2764 directae
412 2694 626 2779 praemittitur
648 2696 688 2761 ud
711 2697 798 2761 Asin.
822 2714 871 2762 vv.
888 2696 961 2761 352.
982 2695 1070 2778 353).

186 2799 377 2866 Locutiones
406 2804 515 2864 contra
551 2797 682 2864 similes:
713 2794 777 2863 ‘ita
804 2799 908 2864 fucere
935 2797 1112 2873 certumst,
1143 2796 1312 2883 (1111522.

187 2904 260 2968 574.
283 2900 369 2967 Trin.
387 2901 470 2966 1063
478 2902 508 2984 4)
534 2893 749 2966 ‘consiliumst
770 2902 815 2966 itu
836 2899 953 2967 fucere'
985 2901 1064 2984 (Mil.
1080 2901 1157 2986 344)
1181 2899 1247 2967 ‘ite
1267 2900 1283 2965 f
1302 2938 1312 2948 ·

187 3003 291 3085 ciam'‚
319 3005 418 3089 (Trin.
434 3003 507 3068 806.
535 3003 617 3068 Eun.
638 3003 709 3067 504.
741 3004 812 3067 724.
843 3004 943 3068 Andr.
962 3004 1015 3068 46.
1044 3001 1137 3070 Cure.
1157 3004 1223 3084 88,
1249 2998 1312 3069 ‘itu

187 3105 288 3174 lubet'
315 3107 379 3190 (Ps.
398 3106 493 3188 1299)
517 3109 591 3170 sunt
613 3105 729 3188 ubique
751 3125 831 3188 quae
854 3106 935 3172 alter
963 3106 1042 3172 dixit
1069 3105 1311 3189 comprobando.

189 3210 293 3289 Quare
326 3209 454 3275 minime
487 3207 563 3274 mihi
592 3210 717 3291 placent
744 3226 824 3289 quae
854 3227 960 3276 omnes
988 3208 1055 3275 tere
1084 3209 1238 3275 editiones
1264 3227 1314 3274 co-

188 3313 292 3378 dicum
316 3329 391 3377 sane
413 3311 634 3377 auctoritatem
656 3317 784 3377 secutae
807 3311 954 3378 exhibent
979 3312 1012 3377 in
1034 3312 1151 3376 Trimv.
1172 3310 1234 3374 232
1247 3327 1311 3391 sq.:

184 3412 250 3480 ‘De
286 3415 345 3479 hac
379 3432 414 3478 re
450 3413 526 3478 mihi
563 3414 641 3479 setis
676 3414 739 3479 hau
774 3415 891 3495 liquet:
928 3413 988 3479 nisi
1024 3414 1082 3481 hoc
1117 3414 1162 3480 sic
1193 3412 1313 3492 faciam,

187 3515 315 3598 opinor,
346 3519 383 3580 ut
412 3520 580 3599 utrumque
607 3535 673 3582 rem
704 3516 797 3582 simul
826 3523 989 3598 exortem,
1018 3516 1112 3583 iudex
1140 3515 1200 3580 sim
1227 3531 1313 3580 reus·

189 3635 251 3699 que
280 3618 320 3683 ad
350 3636 419 3683 eam
446 3635 524 3682 rem.
568 3615 619 3682 Itu
652 3617 781 3683 facium:
820 3619 866 3684 ita
895 3615 1025 3700 placet'.
1076 3615 1176 3681 Immo
1203 3613 1313 3680 Fleck-

96 3784 99 3789 .
188 3722 293 3788 eiseno
316 3721 409 3787 duce:
431 3716 496 3787 ‘sic
518 3718 647 3799 inciam,
678 3721 723 3787 sic
750 3717 867 3803 plucet'
898 3725 974 3803 puto
1004 3736 1073 3786 esse
1102 3717 1311 3785 scribendum.

256 3977 279 4043 ·)
296 3976 366 4030 Eun.
384 3989 491 4028 versum
507 3977 570 4041 168,
594 3972 640 4027 nbi
658 3973 686 4026 in
703 3986 826 4028 sermone
844 3972 963 4027 eiusdem
982 3971 1037 4027 ‘itu
1060 3972 1152 4027 facere
1170 3969 1311 4027 certumst'

186 4061 297 4131 legitur,
320 4061 512 4129 interpolatum
530 4075 588 4114 esse
606 4074 666 4114 cum
684 4059 744 4114 aliis
762 4058 795 4114 de
814 4059 1034 4128 consu-apparet
1059 4058 1105 4127 (ci.
1123 4057 1253 4126 Hoelner‚
1278 4055 1312 4111 de

187 4135 310 4216 interp'oi.
328 4145 507 4214 Terentianis,
525 4145 604 4200 Helle
626 4147 702 4213 1818)
720 4150 778 4200 tum
796 4144 868 4214 quod
885 4145 913 4200 in
931 4144 1060 4200 Bembino
1079 4144 1163 4200 deest
