<?xml version="1.0" encoding="UTF-8"?>
<!DOCTYPE html PUBLIC "-//W3C//DTD XHTML 1.0 Transitional//EN"
    "http://www.w3.org/TR/xhtml1/DTD/xhtml1-transitional.dtd">
<html xmlns="http://www.w3.org/1999/xhtml" xml:lang="en" lang="en">
 <head>
  <title>
</title>
<meta http-equiv="Content-Type" content="text/html;charset=utf-8" />
  <meta name='ocr-system' content='tesseract 3.04.00' />
  <meta name='ocr-capabilities' content='ocr_page ocr_carea ocr_par ocr_line ocrx_word'/>
</head>
<body>
  <div class='ocr_page' id='page_1' title='image "./observationesgr00braugoog/observationesgr00braugoog_0023.png"; bbox 0 0 2888 4770; ppageno 0'>
   <div class='ocr_carea' id='block_1_1' title="bbox 716 327 755 392">
    <p class='ocr_par' dir='ltr' id='par_1_1' title="bbox 716 327 755 392">
     <span class='ocr_line' id='line_1_1' title="bbox 716 327 755 392; baseline 0.051 -2"><span class='ocrx_word' id='word_1_1' title='bbox 716 327 755 392; x_wconf 87' lang='lat'><strong>18</strong></span> 
     </span>
    </p>
   </div>
   <div class='ocr_carea' id='block_1_2' title="bbox 636 528 836 606">
    <p class='ocr_par' dir='ltr' id='par_1_2' title="bbox 636 528 836 606">
     <span class='ocr_line' id='line_1_2' title="bbox 636 528 836 606; baseline 0 -18"><span class='ocrx_word' id='word_1_2' title='bbox 636 528 723 606; x_wconf 75' lang='lat' dir='ltr'><strong>capt.</strong></span> <span class='ocrx_word' id='word_1_3' title='bbox 744 528 836 606; x_wconf 77' lang='lat' dir='ltr'><strong>92sq.</strong></span> 
     </span>
    </p>
   </div>
   <div class='ocr_carea' id='block_1_3' title="bbox 277 651 1137 1367">
    <p class='ocr_par' dir='ltr' id='par_1_3' title="bbox 277 651 1137 1367">
     <span class='ocr_line' id='line_1_3' title="bbox 277 651 1076 730; baseline 0.004 -21"><span class='ocrx_word' id='word_1_4' title='bbox 277 721 282 730; x_wconf 39' lang='grc'><strong>,</strong></span> <span class='ocrx_word' id='word_1_5' title='bbox 324 651 398 709; x_wconf 86' lang='lat' dir='ltr'><strong>Nam</strong></span> <span class='ocrx_word' id='word_1_6' title='bbox 418 653 566 724; x_wconf 76' lang='lat' dir='ltr'><strong>postquam</strong></span> <span class='ocrx_word' id='word_1_7' title='bbox 587 667 666 710; x_wconf 90' lang='lat' dir='ltr'><strong>mens</strong></span> <span class='ocrx_word' id='word_1_8' title='bbox 685 654 728 712; x_wconf 89' lang='lat' dir='ltr'><strong>est</strong></span> <span class='ocrx_word' id='word_1_9' title='bbox 749 669 798 712; x_wconf 85' lang='lat' dir='ltr'><strong>rex</strong></span> <span class='ocrx_word' id='word_1_10' title='bbox 817 652 923 726; x_wconf 92' lang='lat' dir='ltr'><strong>potitus</strong></span> <span class='ocrx_word' id='word_1_11' title='bbox 944 652 1076 726; x_wconf 90' lang='lat' dir='ltr'><strong>hostium,</strong></span> 
     </span>
     <span class='ocr_line' id='line_1_4' title="bbox 324 743 1090 819; baseline 0.007 -18"><span class='ocrx_word' id='word_1_12' title='bbox 324 745 381 815; x_wconf 84' lang='lat' dir='ltr'><strong>(Ita</strong></span> <span class='ocrx_word' id='word_1_13' title='bbox 401 743 496 818; x_wconf 87' lang='lat' dir='ltr'><strong>[enim]</strong></span> <span class='ocrx_word' id='word_1_14' title='bbox 518 743 687 819; x_wconf 77' lang='lat' dir='ltr'><strong>belligerant</strong></span> <span class='ocrx_word' id='word_1_15' title='bbox 706 762 782 805; x_wconf 89' lang='lat' dir='ltr'><strong>nunc</strong></span> <span class='ocrx_word' id='word_1_16' title='bbox 802 746 896 806; x_wconf 81' lang='lat' dir='ltr'><strong>Aetoli</strong></span> <span class='ocrx_word' id='word_1_17' title='bbox 916 764 977 806; x_wconf 92' lang='lat' dir='ltr'><strong>cum</strong></span> <span class='ocrx_word' id='word_1_18' title='bbox 999 746 1090 807; x_wconf 78' lang='lat' dir='ltr'><strong>cleis:</strong></span> 
     </span>
     <span class='ocr_line' id='line_1_5' title="bbox 322 837 1066 915; baseline 0.005 -18"><span class='ocrx_word' id='word_1_19' title='bbox 322 839 396 897; x_wconf 86' lang='lat' dir='ltr'><strong>Nam</strong></span> <span class='ocrx_word' id='word_1_20' title='bbox 417 837 529 898; x_wconf 77' lang='lat' dir='ltr'><strong>Aetolia</strong></span> <span class='ocrx_word' id='word_1_21' title='bbox 550 839 620 898; x_wconf 89' lang='lat' dir='ltr'><strong>haec</strong></span> <span class='ocrx_word' id='word_1_22' title='bbox 640 841 699 899; x_wconf 91' lang='lat' dir='ltr'><strong>est:</strong></span> <span class='ocrx_word' id='word_1_23' title='bbox 720 839 794 900; x_wconf 90' lang='lat' dir='ltr'><strong>illist</strong></span> <span class='ocrx_word' id='word_1_24' title='bbox 814 842 913 915; x_wconf 90' lang='lat' dir='ltr'><strong>captus</strong></span> <span class='ocrx_word' id='word_1_25' title='bbox 933 844 962 900; x_wconf 92' lang='lat' dir='ltr'><strong>in</strong></span> <span class='ocrx_word' id='word_1_26' title='bbox 982 841 1066 901; x_wconf 83' lang='lat' dir='ltr'><strong>Alide</strong></span> 
     </span>
     <span class='ocr_line' id='line_1_6' title="bbox 323 931 895 1008; baseline 0.007 -17"><span class='ocrx_word' id='word_1_27' title='bbox 323 931 534 1006; x_wconf 87' lang='lat' dir='ltr'><strong>Philopolemus</strong></span> <span class='ocrx_word' id='word_1_28' title='bbox 555 932 640 992; x_wconf 91' lang='lat' dir='ltr'><strong>huius</strong></span> <span class='ocrx_word' id='word_1_29' title='bbox 660 933 799 1008; x_wconf 81' lang='lat' dir='ltr'><strong>Hegionis</strong></span> <span class='ocrx_word' id='word_1_30' title='bbox 818 935 895 995; x_wconf 89' lang='lat' dir='ltr'><strong>filius</strong></span> 
     </span>
     <span class='ocr_line' id='line_1_7' title="bbox 324 1025 1091 1101; baseline 0.008 -17"><span class='ocrx_word' id='word_1_31' title='bbox 324 1025 406 1085; x_wconf 86' lang='lat' dir='ltr'><strong>Senis</strong></span> <span class='ocrx_word' id='word_1_32' title='bbox 427 1026 476 1098; x_wconf 88' lang='lat' dir='ltr'><strong>qui</strong></span> <span class='ocrx_word' id='word_1_33' title='bbox 496 1026 543 1087; x_wconf 90' lang='lat' dir='ltr'><strong>hic</strong></span> <span class='ocrx_word' id='word_1_34' title='bbox 562 1027 688 1088; x_wconf 87' lang='lat' dir='ltr'><strong>habitat:</strong></span> <span class='ocrx_word' id='word_1_35' title='bbox 712 1045 783 1101; x_wconf 88' lang='lat' dir='ltr'><strong>qnae</strong></span> <span class='ocrx_word' id='word_1_36' title='bbox 803 1030 888 1089; x_wconf 89' lang='lat' dir='ltr'><strong>aedes</strong></span> <span class='ocrx_word' id='word_1_37' title='bbox 908 1029 1091 1090; x_wconf 82' lang='lat' dir='ltr'><strong>lamentariae</strong></span> 
     </span>
     <span class='ocr_line' id='line_1_8' title="bbox 321 1120 1137 1199; baseline 0.007 -21"><span class='ocrx_word' id='word_1_38' title='bbox 321 1120 392 1179; x_wconf 88' lang='lat' dir='ltr'><strong>Mihi</strong></span> <span class='ocrx_word' id='word_1_39' title='bbox 413 1123 488 1194; x_wconf 88' lang='lat' dir='ltr'><strong>sunt,</strong></span> <span class='ocrx_word' id='word_1_40' title='bbox 509 1137 590 1195; x_wconf 90' lang='lat' dir='ltr'><strong>quas,</strong></span> <span class='ocrx_word' id='word_1_41' title='bbox 610 1121 880 1197; x_wconf 86' lang='lat' dir='ltr'><strong>quotiensquomque</strong></span> <span class='ocrx_word' id='word_1_42' title='bbox 901 1123 1053 1199; x_wconf 88' lang='lat' dir='ltr'><strong>conspicio,</strong></span> <span class='ocrx_word' id='word_1_43' title='bbox 1073 1124 1137 1197; x_wconf 86' lang='lat' dir='ltr'><strong>ileo)</strong></span> 
     </span>
     <span class='ocr_line' id='line_1_9' title="bbox 320 1213 1043 1292; baseline 0.004 -20"><span class='ocrx_word' id='word_1_44' title='bbox 320 1214 403 1272; x_wconf 86' lang='lat' dir='ltr'><strong>Nune</strong></span> <span class='ocrx_word' id='word_1_45' title='bbox 422 1213 470 1274; x_wconf 94' lang='lat' dir='ltr'><strong>hic</strong></span> <span class='ocrx_word' id='word_1_46' title='bbox 490 1214 599 1289; x_wconf 88' lang='lat' dir='ltr'><strong>occepit</strong></span> <span class='ocrx_word' id='word_1_47' title='bbox 620 1218 767 1288; x_wconf 89' lang='lat' dir='ltr'><strong>quaestum</strong></span> <span class='ocrx_word' id='word_1_48' title='bbox 790 1217 866 1276; x_wconf 88' lang='lat' dir='ltr'><strong>hune</strong></span> <span class='ocrx_word' id='word_1_49' title='bbox 886 1216 928 1276; x_wconf 87' lang='lat' dir='ltr'><strong>fili</strong></span> <span class='ocrx_word' id='word_1_50' title='bbox 948 1216 1043 1292; x_wconf 80' lang='lat' dir='ltr'><strong>gratia</strong></span> 
     </span>
     <span class='ocr_line' id='line_1_10' title="bbox 321 1307 514 1367; baseline 0.005 -4"><span class='ocrx_word' id='word_1_51' title='bbox 321 1307 514 1367; x_wconf 85' lang='lat' dir='ltr'><strong>Inhonestum.</strong></span> 
     </span>
    </p>
   </div>
   <div class='ocr_carea' id='block_1_4' title="bbox 163 1432 1296 2749">
    <p class='ocr_par' dir='ltr' id='par_1_4' title="bbox 163 1432 1296 2749">
     <span class='ocr_line' id='line_1_11' title="bbox 252 1432 1296 1517; baseline 0.005 -20"><span class='ocrx_word' id='word_1_52' title='bbox 252 1432 303 1498; x_wconf 87' lang='lat' dir='ltr'><strong>Sic</strong></span> <span class='ocrx_word' id='word_1_53' title='bbox 326 1434 548 1503; x_wconf 86' lang='lat' dir='ltr'><strong>Fleckeisenus</strong></span> <span class='ocrx_word' id='word_1_54' title='bbox 565 1454 674 1503; x_wconf 89' lang='lat' dir='ltr'><strong>versus</strong></span> <span class='ocrx_word' id='word_1_55' title='bbox 691 1438 833 1517; x_wconf 85' lang='lat' dir='ltr'><strong>exhibet;</strong></span> <span class='ocrx_word' id='word_1_56' title='bbox 857 1438 912 1504; x_wconf 90' lang='lat' dir='ltr'><strong>sed</strong></span> <span class='ocrx_word' id='word_1_57' title='bbox 928 1456 1051 1504; x_wconf 86' lang='lat' dir='ltr'><strong>errasse</strong></span> <span class='ocrx_word' id='word_1_58' title='bbox 1074 1437 1148 1503; x_wconf 91' lang='lat' dir='ltr'><strong>mihi</strong></span> <span class='ocrx_word' id='word_1_59' title='bbox 1170 1439 1296 1505; x_wconf 84' lang='lat' dir='ltr'><strong>uidetur</strong></span> 
     </span>
     <span class='ocr_line' id='line_1_12' title="bbox 166 1537 1292 1624; baseline 0.004 -21"><span class='ocrx_word' id='word_1_60' title='bbox 166 1537 198 1603; x_wconf 93' lang='lat' dir='ltr'><strong>in</strong></span> <span class='ocrx_word' id='word_1_61' title='bbox 222 1556 258 1603; x_wconf 91' lang='lat' dir='ltr'><strong>eo</strong></span> <span class='ocrx_word' id='word_1_62' title='bbox 281 1539 364 1618; x_wconf 90' lang='lat' dir='ltr'><strong>quod</strong></span> <span class='ocrx_word' id='word_1_63' title='bbox 387 1539 418 1603; x_wconf 92' lang='lat' dir='ltr'><strong>in</strong></span> <span class='ocrx_word' id='word_1_64' title='bbox 441 1558 469 1605; x_wconf 89' lang='lat' dir='ltr'><strong>v.</strong></span> <span class='ocrx_word' id='word_1_65' title='bbox 486 1539 536 1618; x_wconf 84' lang='lat'><strong>93,</strong></span> <span class='ocrx_word' id='word_1_66' title='bbox 560 1538 616 1605; x_wconf 91' lang='lat' dir='ltr'><strong>ubi</strong></span> <span class='ocrx_word' id='word_1_67' title='bbox 638 1538 670 1603; x_wconf 95' lang='lat' dir='ltr'><strong>in</strong></span> <span class='ocrx_word' id='word_1_68' title='bbox 694 1539 868 1606; x_wconf 89' lang='lat' dir='ltr'><strong>codicibus:</strong></span> <span class='ocrx_word' id='word_1_69' title='bbox 887 1537 943 1605; x_wconf 81' lang='lat' dir='ltr'><strong>‘lta</strong></span> <span class='ocrx_word' id='word_1_70' title='bbox 966 1561 1048 1607; x_wconf 93' lang='lat' dir='ltr'><strong>nunc</strong></span> <span class='ocrx_word' id='word_1_71' title='bbox 1071 1540 1159 1607; x_wconf 86' lang='lat' dir='ltr'><strong>bell&#39;</strong></span> <span class='ocrx_word' id='word_1_72' title='bbox 1184 1542 1292 1624; x_wconf 81' lang='lat' dir='ltr'><strong>legun·</strong></span> 
     </span>
     <span class='ocr_line' id='line_1_13' title="bbox 166 1640 1294 1726; baseline 0.003 -21"><span class='ocrx_word' id='word_1_73' title='bbox 166 1645 232 1719; x_wconf 88' lang='lat' dir='ltr'><strong>tur,</strong></span> <span class='ocrx_word' id='word_1_74' title='bbox 264 1640 345 1704; x_wconf 82' lang='lat' dir='ltr'><strong>enim</strong></span> <span class='ocrx_word' id='word_1_75' title='bbox 379 1641 564 1722; x_wconf 86' lang='lat' dir='ltr'><strong>particulam</strong></span> <span class='ocrx_word' id='word_1_76' title='bbox 602 1641 731 1706; x_wconf 84' lang='lat' dir='ltr'><strong>addidit.</strong></span> <span class='ocrx_word' id='word_1_77' title='bbox 778 1641 911 1723; x_wconf 86' lang='lat' dir='ltr'><strong>Saepius</strong></span> <span class='ocrx_word' id='word_1_78' title='bbox 946 1644 1029 1708; x_wconf 91' lang='lat' dir='ltr'><strong>enim</strong></span> <span class='ocrx_word' id='word_1_79' title='bbox 1060 1644 1143 1726; x_wconf 89' lang='lat' dir='ltr'><strong>apud</strong></span> <span class='ocrx_word' id='word_1_80' title='bbox 1172 1644 1294 1724; x_wconf 88' lang='lat' dir='ltr'><strong>priscos</strong></span> 
     </span>
     <span class='ocr_line' id='line_1_14' title="bbox 167 1743 1294 1826; baseline 0.004 -21"><span class='ocrx_word' id='word_1_81' title='bbox 167 1744 335 1825; x_wconf 85' lang='lat' dir='ltr'><strong>scriptores</strong></span> <span class='ocrx_word' id='word_1_82' title='bbox 357 1743 404 1807; x_wconf 81' lang='lat' dir='ltr'><strong>lta</strong></span> <span class='ocrx_word' id='word_1_83' title='bbox 426 1746 562 1825; x_wconf 89' lang='lat' dir='ltr'><strong>positum</strong></span> <span class='ocrx_word' id='word_1_84' title='bbox 584 1745 742 1809; x_wconf 86' lang='lat' dir='ltr'><strong>invenitur</strong></span> <span class='ocrx_word' id='word_1_85' title='bbox 765 1763 802 1810; x_wconf 89' lang='lat' dir='ltr'><strong>ea</strong></span> <span class='ocrx_word' id='word_1_86' title='bbox 822 1745 952 1823; x_wconf 86' lang='lat' dir='ltr'><strong>ratione,</strong></span> <span class='ocrx_word' id='word_1_87' title='bbox 977 1750 1013 1810; x_wconf 91' lang='lat' dir='ltr'><strong>ut</strong></span> <span class='ocrx_word' id='word_1_88' title='bbox 1036 1766 1073 1811; x_wconf 91' lang='lat' dir='ltr'><strong>ea</strong></span> <span class='ocrx_word' id='word_1_89' title='bbox 1095 1763 1177 1826; x_wconf 92' lang='lat' dir='ltr'><strong>quae</strong></span> <span class='ocrx_word' id='word_1_90' title='bbox 1200 1751 1294 1811; x_wconf 90' lang='lat' dir='ltr'><strong>antea</strong></span> 
     </span>
     <span class='ocr_line' id='line_1_15' title="bbox 166 1843 1292 1930; baseline 0.002 -22"><span class='ocrx_word' id='word_1_91' title='bbox 166 1843 251 1910; x_wconf 90' lang='lat' dir='ltr'><strong>dicta</strong></span> <span class='ocrx_word' id='word_1_92' title='bbox 274 1851 348 1911; x_wconf 89' lang='lat' dir='ltr'><strong>sunt</strong></span> <span class='ocrx_word' id='word_1_93' title='bbox 363 1845 542 1911; x_wconf 84' lang='lat' dir='ltr'><strong>accuratius</strong></span> <span class='ocrx_word' id='word_1_94' title='bbox 558 1847 752 1926; x_wconf 87' lang='lat' dir='ltr'><strong>explicentur</strong></span> <span class='ocrx_word' id='word_1_95' title='bbox 767 1852 824 1911; x_wconf 89' lang='lat' dir='ltr'><strong>ant</strong></span> <span class='ocrx_word' id='word_1_96' title='bbox 846 1848 917 1912; x_wconf 88' lang='lat' dir='ltr'><strong>novi</strong></span> <span class='ocrx_word' id='word_1_97' title='bbox 932 1847 1052 1930; x_wconf 90' lang='lat' dir='ltr'><strong>aliquid</strong></span> <span class='ocrx_word' id='word_1_98' title='bbox 1075 1849 1121 1913; x_wconf 90' lang='lat' dir='ltr'><strong>eis</strong></span> <span class='ocrx_word' id='word_1_99' title='bbox 1144 1848 1292 1912; x_wconf 89' lang='lat' dir='ltr'><strong>momenti</strong></span> 
     </span>
     <span class='ocr_line' id='line_1_16' title="bbox 165 1946 1294 2032; baseline 0.001 -19"><span class='ocrx_word' id='word_1_100' title='bbox 165 1948 315 2028; x_wconf 81' lang='lat' dir='ltr'><strong>addatnr3</strong></span> <span class='ocrx_word' id='word_1_101' title='bbox 339 1967 401 2030; x_wconf 92' lang='lat' dir='ltr'><strong>quo</strong></span> <span class='ocrx_word' id='word_1_102' title='bbox 424 1946 460 2012; x_wconf 90' lang='lat' dir='ltr'><strong>fit</strong></span> <span class='ocrx_word' id='word_1_103' title='bbox 482 1954 519 2013; x_wconf 91' lang='lat' dir='ltr'><strong>ut</strong></span> <span class='ocrx_word' id='word_1_104' title='bbox 540 1948 624 2013; x_wconf 93' lang='lat' dir='ltr'><strong>haud</strong></span> <span class='ocrx_word' id='word_1_105' title='bbox 641 1968 712 2014; x_wconf 91' lang='lat' dir='ltr'><strong>raro</strong></span> <span class='ocrx_word' id='word_1_106' title='bbox 729 1949 884 2015; x_wconf 88' lang='lat' dir='ltr'><strong>causalem</strong></span> <span class='ocrx_word' id='word_1_107' title='bbox 905 1969 1004 2032; x_wconf 92' lang='lat' dir='ltr'><strong>paene</strong></span> <span class='ocrx_word' id='word_1_108' title='bbox 1027 1952 1182 2016; x_wconf 89' lang='lat' dir='ltr'><strong>notionem</strong></span> <span class='ocrx_word' id='word_1_109' title='bbox 1205 1968 1294 2015; x_wconf 90' lang='lat' dir='ltr'><strong>usur-</strong></span> 
     </span>
     <span class='ocr_line' id='line_1_17' title="bbox 164 2047 1292 2135; baseline 0.004 -21"><span class='ocrx_word' id='word_1_110' title='bbox 164 2055 232 2133; x_wconf 85' lang='lat' dir='ltr'><strong>pet,</strong></span> <span class='ocrx_word' id='word_1_111' title='bbox 263 2050 349 2116; x_wconf 88' lang='lat' dir='ltr'><strong>velut</strong></span> <span class='ocrx_word' id='word_1_112' title='bbox 379 2053 409 2115; x_wconf 90' lang='lat' dir='ltr'><strong>in</strong></span> <span class='ocrx_word' id='word_1_113' title='bbox 437 2052 522 2116; x_wconf 90' lang='lat' dir='ltr'><strong>Pers.</strong></span> <span class='ocrx_word' id='word_1_114' title='bbox 546 2070 574 2114; x_wconf 84' lang='lat' dir='ltr'><strong>v.</strong></span> <span class='ocrx_word' id='word_1_115' title='bbox 592 2052 670 2114; x_wconf 81' lang='lat'>471:</span> <span class='ocrx_word' id='word_1_116' title='bbox 692 2047 777 2132; x_wconf 77' lang='lat' dir='ltr'><strong>‘Ego</strong></span> <span class='ocrx_word' id='word_1_117' title='bbox 806 2052 897 2117; x_wconf 88' lang='lat' dir='ltr'><strong>hodie</strong></span> <span class='ocrx_word' id='word_1_118' title='bbox 927 2054 1087 2135; x_wconf 88' lang='lat' dir='ltr'><strong>compendi</strong></span> <span class='ocrx_word' id='word_1_119' title='bbox 1115 2052 1174 2119; x_wconf 88' lang='lat' dir='ltr'><strong>leci</strong></span> <span class='ocrx_word' id='word_1_120' title='bbox 1202 2053 1292 2119; x_wconf 93' lang='lat' dir='ltr'><strong>binos</strong></span> 
     </span>
     <span class='ocr_line' id='line_1_18' title="bbox 165 2152 1290 2234; baseline 0.006 -19"><span class='ocrx_word' id='word_1_121' title='bbox 165 2170 261 2233; x_wconf 87' lang='lat' dir='ltr'><strong>panes</strong></span> <span class='ocrx_word' id='word_1_122' title='bbox 285 2154 316 2216; x_wconf 95' lang='lat' dir='ltr'><strong>in</strong></span> <span class='ocrx_word' id='word_1_123' title='bbox 339 2153 421 2219; x_wconf 87' lang='lat' dir='ltr'><strong>dies:</strong></span> <span class='ocrx_word' id='word_1_124' title='bbox 447 2154 493 2218; x_wconf 91' lang='lat' dir='ltr'><strong>ita</strong></span> <span class='ocrx_word' id='word_1_125' title='bbox 514 2172 584 2219; x_wconf 90' lang='lat' dir='ltr'><strong>mea</strong></span> <span class='ocrx_word' id='word_1_126' title='bbox 606 2153 720 2219; x_wconf 89' lang='lat' dir='ltr'><strong>aneilla</strong></span> <span class='ocrx_word' id='word_1_127' title='bbox 735 2171 817 2234; x_wconf 83' lang='lat' dir='ltr'><strong>quae</strong></span> <span class='ocrx_word' id='word_1_128' title='bbox 837 2154 897 2218; x_wconf 89' lang='lat' dir='ltr'><strong>luit</strong></span> <span class='ocrx_word' id='word_1_129' title='bbox 918 2155 1011 2220; x_wconf 88' lang='lat' dir='ltr'><strong>hodie</strong></span> <span class='ocrx_word' id='word_1_130' title='bbox 1033 2175 1092 2220; x_wconf 88' lang='lat' dir='ltr'><strong>sua</strong></span> <span class='ocrx_word' id='word_1_131' title='bbox 1113 2174 1194 2221; x_wconf 91' lang='lat' dir='ltr'><strong>nunc</strong></span> <span class='ocrx_word' id='word_1_132' title='bbox 1217 2152 1290 2222; x_wconf 89' lang='lat' dir='ltr'><strong>est’.</strong></span> 
     </span>
     <span class='ocr_line' id='line_1_19' title="bbox 164 2255 1288 2340; baseline 0.001 -21"><span class='ocrx_word' id='word_1_133' title='bbox 164 2255 256 2319; x_wconf 88' lang='lat' dir='ltr'><strong>Locis</strong></span> <span class='ocrx_word' id='word_1_134' title='bbox 283 2272 362 2335; x_wconf 89' lang='lat' dir='ltr'><strong>quos</strong></span> <span class='ocrx_word' id='word_1_135' title='bbox 387 2256 564 2337; x_wconf 86' lang='lat' dir='ltr'><strong>Langenins</strong></span> <span class='ocrx_word' id='word_1_136' title='bbox 592 2256 742 2321; x_wconf 91' lang='lat' dir='ltr'><strong>adhunc</strong></span> <span class='ocrx_word' id='word_1_137' title='bbox 771 2257 946 2338; x_wconf 89' lang='lat' dir='ltr'><strong>particulae</strong></span> <span class='ocrx_word' id='word_1_138' title='bbox 974 2276 1064 2321; x_wconf 90' lang='lat' dir='ltr'><strong>nsum</strong></span> <span class='ocrx_word' id='word_1_139' title='bbox 1091 2257 1288 2340; x_wconf 90' lang='lat' dir='ltr'><strong>probandum</strong></span> 
     </span>
     <span class='ocr_line' id='line_1_20' title="bbox 164 2358 1290 2442; baseline 0.002 -22"><span class='ocrx_word' id='word_1_140' title='bbox 164 2358 326 2439; x_wconf 76' lang='lat' dir='ltr'><strong>(Beitrige</strong></span> <span class='ocrx_word' id='word_1_141' title='bbox 348 2379 377 2441; x_wconf 91' lang='lat' dir='ltr'><strong>p.</strong></span> <span class='ocrx_word' id='word_1_142' title='bbox 395 2359 525 2440; x_wconf 79' lang='lat' dir='ltr'><strong>232sq.)</strong></span> <span class='ocrx_word' id='word_1_143' title='bbox 549 2359 656 2424; x_wconf 88' lang='lat' dir='ltr'><strong>attulit</strong></span> <span class='ocrx_word' id='word_1_144' title='bbox 679 2359 804 2442; x_wconf 80' lang='lat' dir='ltr'><strong>(Amph.</strong></span> <span class='ocrx_word' id='word_1_145' title='bbox 825 2359 905 2435; x_wconf 75' lang='lat'>1056</span> <span class='ocrx_word' id='word_1_146' title='bbox 915 2379 971 2442; x_wconf 71' lang='lat' dir='ltr'><strong>sq,</strong></span> <span class='ocrx_word' id='word_1_147' title='bbox 996 2361 1066 2425; x_wconf 80' lang='lat' dir='ltr'><strong>Aul.</strong></span> <span class='ocrx_word' id='word_1_148' title='bbox 1083 2360 1156 2439; x_wconf 78' lang='lat'><strong>422,</strong></span> <span class='ocrx_word' id='word_1_149' title='bbox 1176 2358 1290 2427; x_wconf 87' lang='lat' dir='ltr'><strong>Bacch.</strong></span> 
     </span>
     <span class='ocr_line' id='line_1_21' title="bbox 166 2461 1289 2543; baseline 0.004 -20"><span class='ocrx_word' id='word_1_150' title='bbox 166 2461 246 2525; x_wconf 84' lang='lat'>1095</span> <span class='ocrx_word' id='word_1_151' title='bbox 257 2478 314 2540; x_wconf 75' lang='lat' dir='ltr'><strong>sq,</strong></span> <span class='ocrx_word' id='word_1_152' title='bbox 340 2461 429 2543; x_wconf 79' lang='lat' dir='ltr'><strong>Epid.</strong></span> <span class='ocrx_word' id='word_1_153' title='bbox 447 2461 575 2541; x_wconf 73' lang='lat' dir='ltr'><strong>532sq,</strong></span> <span class='ocrx_word' id='word_1_154' title='bbox 601 2463 682 2526; x_wconf 89' lang='lat' dir='ltr'><strong>Men.</strong></span> <span class='ocrx_word' id='word_1_155' title='bbox 700 2462 740 2525; x_wconf 85' lang='lat'><strong>93</strong></span> <span class='ocrx_word' id='word_1_156' title='bbox 748 2480 804 2542; x_wconf 80' lang='lat' dir='ltr'><strong>sq,</strong></span> <span class='ocrx_word' id='word_1_157' title='bbox 824 2463 886 2526; x_wconf 91' lang='lat' dir='ltr'><strong>Mil.</strong></span> <span class='ocrx_word' id='word_1_158' title='bbox 904 2462 1032 2541; x_wconf 72' lang='lat' dir='ltr'><strong>402sq,</strong></span> <span class='ocrx_word' id='word_1_159' title='bbox 1052 2461 1146 2527; x_wconf 89' lang='lat' dir='ltr'><strong>Most.</strong></span> <span class='ocrx_word' id='word_1_160' title='bbox 1164 2462 1289 2542; x_wconf 74' lang='lat' dir='ltr'><strong>bibes,</strong></span> 
     </span>
     <span class='ocr_line' id='line_1_22' title="bbox 163 2563 1290 2648; baseline 0.002 -21"><span class='ocrx_word' id='word_1_161' title='bbox 163 2564 248 2627; x_wconf 89' lang='lat' dir='ltr'><strong>Pers.</strong></span> <span class='ocrx_word' id='word_1_162' title='bbox 262 2563 334 2642; x_wconf 84' lang='grc'>783,</span> <span class='ocrx_word' id='word_1_163' title='bbox 351 2565 401 2628; x_wconf 89' lang='lat' dir='ltr'><strong>Ps.</strong></span> <span class='ocrx_word' id='word_1_164' title='bbox 415 2564 542 2647; x_wconf 80' lang='lat' dir='ltr'><strong>894sq,</strong></span> <span class='ocrx_word' id='word_1_165' title='bbox 558 2565 638 2629; x_wconf 89' lang='lat' dir='ltr'><strong>Rud.</strong></span> <span class='ocrx_word' id='word_1_166' title='bbox 652 2564 777 2645; x_wconf 73' lang='lat' dir='ltr'><strong>sahso,</strong></span> <span class='ocrx_word' id='word_1_167' title='bbox 794 2566 879 2631; x_wconf 91' lang='lat' dir='ltr'><strong>Trin.</strong></span> <span class='ocrx_word' id='word_1_168' title='bbox 894 2565 934 2628; x_wconf 79' lang='lat'><strong>28</strong></span> <span class='ocrx_word' id='word_1_169' title='bbox 945 2582 1001 2645; x_wconf 79' lang='lat' dir='ltr'><strong>sq,</strong></span> <span class='ocrx_word' id='word_1_170' title='bbox 1019 2565 1147 2648; x_wconf 81' lang='lat' dir='ltr'><strong>542sq.,</strong></span> <span class='ocrx_word' id='word_1_171' title='bbox 1164 2564 1290 2645; x_wconf 84' lang='lat' dir='ltr'><strong>Trucl,</strong></span> 
     </span>
     <span class='ocr_line' id='line_1_23' title="bbox 163 2666 533 2749; baseline 0.008 -22"><span class='ocrx_word' id='word_1_172' title='bbox 163 2667 191 2744; x_wconf 78' lang='lat'><strong>2,</strong></span> <span class='ocrx_word' id='word_1_173' title='bbox 208 2666 249 2730; x_wconf 83' lang='lat'><strong>93</strong></span> <span class='ocrx_word' id='word_1_174' title='bbox 258 2666 318 2749; x_wconf 85' lang='lat' dir='ltr'><strong>sq.)</strong></span> <span class='ocrx_word' id='word_1_175' title='bbox 341 2667 399 2733; x_wconf 89' lang='lat' dir='ltr'><strong>hos</strong></span> <span class='ocrx_word' id='word_1_176' title='bbox 422 2667 533 2732; x_wconf 89' lang='lat' dir='ltr'><strong>addas:</strong></span> 
     </span>
    </p>
   </div>
   <div class='ocr_carea' id='block_1_5' title="bbox 179 2772 1289 3574">
    <p class='ocr_par' dir='ltr' id='par_1_5' title="bbox 179 2772 1289 3574">
     <span class='ocr_line' id='line_1_24' title="bbox 227 2772 1289 2869; baseline 0.005 -20"><span class='ocrx_word' id='word_1_177' title='bbox 227 2785 293 2851; x_wconf 90' lang='lat' dir='ltr'><strong>Mil.</strong></span> <span class='ocrx_word' id='word_1_178' title='bbox 315 2772 444 2869; x_wconf 85' lang='lat' dir='ltr'><strong>158sq.:</strong></span> <span class='ocrx_word' id='word_1_179' title='bbox 475 2785 554 2851; x_wconf 91' lang='lat' dir='ltr'><strong>Mihi</strong></span> <span class='ocrx_word' id='word_1_180' title='bbox 580 2785 704 2866; x_wconf 88' lang='lat' dir='ltr'><strong>quidem</strong></span> <span class='ocrx_word' id='word_1_181' title='bbox 735 2784 797 2849; x_wconf 91' lang='lat' dir='ltr'><strong>lam</strong></span> <span class='ocrx_word' id='word_1_182' title='bbox 827 2785 938 2851; x_wconf 88' lang='lat' dir='ltr'><strong>arbitri</strong></span> <span class='ocrx_word' id='word_1_183' title='bbox 968 2784 1059 2850; x_wconf 88' lang='lat' dir='ltr'><strong>vicini</strong></span> <span class='ocrx_word' id='word_1_184' title='bbox 1083 2791 1169 2866; x_wconf 86' lang='lat' dir='ltr'><strong>sunt,</strong></span> <span class='ocrx_word' id='word_1_185' title='bbox 1201 2806 1289 2855; x_wconf 88' lang='lat' dir='ltr'><strong>meae</strong></span> 
     </span>
     <span class='ocr_line' id='line_1_25' title="bbox 226 2887 1289 2972; baseline -0.002 -17"><span class='ocrx_word' id='word_1_186' title='bbox 226 2891 300 2971; x_wconf 90' lang='lat' dir='ltr'><strong>quid</strong></span> <span class='ocrx_word' id='word_1_187' title='bbox 316 2890 372 2957; x_wconf 89' lang='lat' dir='ltr'><strong>fiat</strong></span> <span class='ocrx_word' id='word_1_188' title='bbox 387 2890 485 2957; x_wconf 90' lang='lat' dir='ltr'><strong>domi:</strong></span> <span class='ocrx_word' id='word_1_189' title='bbox 509 2891 553 2955; x_wconf 92' lang='lat' dir='ltr'><strong>ita</strong></span> <span class='ocrx_word' id='word_1_190' title='bbox 568 2907 624 2972; x_wconf 91' lang='lat' dir='ltr'><strong>per</strong></span> <span class='ocrx_word' id='word_1_191' title='bbox 640 2889 812 2970; x_wconf 90' lang='lat' dir='ltr'><strong>inpluvium</strong></span> <span class='ocrx_word' id='word_1_192' title='bbox 828 2887 912 2954; x_wconf 90' lang='lat' dir='ltr'><strong>intro</strong></span> <span class='ocrx_word' id='word_1_193' title='bbox 933 2894 1092 2970; x_wconf 74' lang='lat' dir='ltr'><strong>spectant.</strong></span> <span class='ocrx_word' id='word_1_194' title='bbox 1116 2887 1192 2955; x_wconf 89' lang='lat' dir='ltr'><strong>Hee.</strong></span> <span class='ocrx_word' id='word_1_195' title='bbox 1209 2890 1289 2954; x_wconf 79' lang='lat'><strong>302:</strong></span> 
     </span>
     <span class='ocr_line' id='line_1_26' title="bbox 225 2992 1289 3075; baseline 0.004 -20"><span class='ocrx_word' id='word_1_196' title='bbox 225 2993 304 3057; x_wconf 88' lang='lat' dir='ltr'><strong>Tum</strong></span> <span class='ocrx_word' id='word_1_197' title='bbox 327 2993 418 3060; x_wconf 84' lang='lat' dir='ltr'><strong>uxori</strong></span> <span class='ocrx_word' id='word_1_198' title='bbox 440 2993 591 3060; x_wconf 82' lang='lat' dir='ltr'><strong>obnoxius</strong></span> <span class='ocrx_word' id='word_1_199' title='bbox 621 3011 706 3057; x_wconf 89' lang='lat' dir='ltr'><strong>sum:</strong></span> <span class='ocrx_word' id='word_1_200' title='bbox 738 2993 782 3057; x_wconf 89' lang='lat' dir='ltr'><strong>ita</strong></span> <span class='ocrx_word' id='word_1_201' title='bbox 809 2992 883 3057; x_wconf 90' lang='lat' dir='ltr'><strong>olim</strong></span> <span class='ocrx_word' id='word_1_202' title='bbox 911 3009 968 3056; x_wconf 90' lang='lat' dir='ltr'><strong>sue</strong></span> <span class='ocrx_word' id='word_1_203' title='bbox 998 3011 1047 3057; x_wconf 92' lang='lat' dir='ltr'><strong>me</strong></span> <span class='ocrx_word' id='word_1_204' title='bbox 1069 2993 1194 3073; x_wconf 84' lang='lat' dir='ltr'><strong>ingenio</strong></span> <span class='ocrx_word' id='word_1_205' title='bbox 1216 3012 1289 3075; x_wconf 87' lang='lat' dir='ltr'><strong>per·</strong></span> 
     </span>
     <span class='ocr_line' id='line_1_27' title="bbox 226 3093 1287 3177; baseline -0.002 -17"><span class='ocrx_word' id='word_1_206' title='bbox 226 3095 307 3160; x_wconf 92' lang='lat' dir='ltr'><strong>tulit.</strong></span> <span class='ocrx_word' id='word_1_207' title='bbox 342 3094 431 3177; x_wconf 81' lang='lat' dir='ltr'><strong>(lapt.</strong></span> <span class='ocrx_word' id='word_1_208' title='bbox 448 3095 509 3159; x_wconf 81' lang='lat'><strong>673</strong></span> <span class='ocrx_word' id='word_1_209' title='bbox 519 3111 582 3174; x_wconf 75' lang='lat' dir='ltr'><strong>sep:</strong></span> <span class='ocrx_word' id='word_1_210' title='bbox 606 3093 776 3160; x_wconf 78' lang='lat' dir='ltr'><strong>coniecisti</strong></span> <span class='ocrx_word' id='word_1_211' title='bbox 790 3093 891 3158; x_wconf 90' lang='lat' dir='ltr'><strong>omnis</strong></span> <span class='ocrx_word' id='word_1_212' title='bbox 907 3111 957 3159; x_wconf 89' lang='lat' dir='ltr'><strong>ree</strong></span> <span class='ocrx_word' id='word_1_213' title='bbox 973 3111 1010 3159; x_wconf 92' lang='lat' dir='ltr'><strong>ac</strong></span> <span class='ocrx_word' id='word_1_214' title='bbox 1026 3095 1164 3159; x_wconf 90' lang='lat' dir='ltr'><strong>rationes</strong></span> <span class='ocrx_word' id='word_1_215' title='bbox 1187 3112 1287 3160; x_wconf 90' lang='lat' dir='ltr'><strong>meas:</strong></span> 
     </span>
     <span class='ocr_line' id='line_1_28' title="bbox 224 3194 1287 3276; baseline 0 -12"><span class='ocrx_word' id='word_1_216' title='bbox 224 3200 268 3264; x_wconf 90' lang='lat' dir='ltr'><strong>ita</strong></span> <span class='ocrx_word' id='word_1_217' title='bbox 298 3200 340 3264; x_wconf 92' lang='lat' dir='ltr'><strong>mi</strong></span> <span class='ocrx_word' id='word_1_218' title='bbox 370 3199 511 3264; x_wconf 82' lang='lat' dir='ltr'><strong>exemisti</strong></span> <span class='ocrx_word' id='word_1_219' title='bbox 534 3198 743 3263; x_wconf 89' lang='lat' dir='ltr'><strong>Philocratem</strong></span> <span class='ocrx_word' id='word_1_220' title='bbox 769 3195 912 3261; x_wconf 91' lang='lat' dir='ltr'><strong>fallaciis.</strong></span> <span class='ocrx_word' id='word_1_221' title='bbox 953 3197 1003 3261; x_wconf 89' lang='lat' dir='ltr'><strong>Ps.</strong></span> <span class='ocrx_word' id='word_1_222' title='bbox 1026 3197 1158 3276; x_wconf 86' lang='lat' dir='ltr'><strong>415sq.:</strong></span> <span class='ocrx_word' id='word_1_223' title='bbox 1192 3194 1287 3263; x_wconf 86' lang='lat' dir='ltr'><strong>Side</strong></span> 
     </span>
     <span class='ocr_line' id='line_1_29' title="bbox 179 3296 1286 3367; baseline -0.005 0"><span class='ocrx_word' id='word_1_224' title='bbox 179 3307 184 3314; x_wconf 83' lang='lat'><em>&#39;</em></span> <span class='ocrx_word' id='word_1_225' title='bbox 225 3302 382 3367; x_wconf 88' lang='lat' dir='ltr'><strong>damnosis</strong></span> <span class='ocrx_word' id='word_1_226' title='bbox 409 3307 465 3367; x_wconf 91' lang='lat' dir='ltr'><strong>aut</strong></span> <span class='ocrx_word' id='word_1_227' title='bbox 487 3303 513 3366; x_wconf 90' lang='lat' dir='ltr'><strong>si</strong></span> <span class='ocrx_word' id='word_1_228' title='bbox 536 3302 574 3366; x_wconf 88' lang='lat' dir='ltr'><strong>de</strong></span> <span class='ocrx_word' id='word_1_229' title='bbox 596 3300 788 3367; x_wconf 86' lang='lat' dir='ltr'><strong>amatoribus</strong></span> <span class='ocrx_word' id='word_1_230' title='bbox 818 3299 951 3364; x_wconf 84' lang='lat' dir='ltr'><strong>dictator</strong></span> <span class='ocrx_word' id='word_1_231' title='bbox 979 3296 1036 3363; x_wconf 89' lang='lat' dir='ltr'><strong>fiat</strong></span> <span class='ocrx_word' id='word_1_232' title='bbox 1057 3316 1140 3364; x_wconf 88' lang='lat' dir='ltr'><strong>nnnc</strong></span> <span class='ocrx_word' id='word_1_233' title='bbox 1155 3297 1286 3362; x_wconf 81' lang='lat' dir='ltr'><strong>Athenis</strong></span> 
     </span>
     <span class='ocr_line' id='line_1_30' title="bbox 224 3400 1286 3484; baseline -0.004 -15"><span class='ocrx_word' id='word_1_234' title='bbox 224 3407 344 3484; x_wconf 81' lang='lat' dir='ltr'><strong>Altiaia,</strong></span> <span class='ocrx_word' id='word_1_235' title='bbox 369 3424 459 3471; x_wconf 92' lang='lat' dir='ltr'><strong>nemo</strong></span> <span class='ocrx_word' id='word_1_236' title='bbox 475 3403 655 3469; x_wconf 86' lang='lat' dir='ltr'><strong>anteveniet</strong></span> <span class='ocrx_word' id='word_1_237' title='bbox 676 3401 739 3466; x_wconf 89' lang='lat' dir='ltr'><strong>filio</strong></span> <span class='ocrx_word' id='word_1_238' title='bbox 755 3402 849 3468; x_wconf 90' lang='lat' dir='ltr'><strong>credo</strong></span> <span class='ocrx_word' id='word_1_239' title='bbox 864 3419 943 3466; x_wconf 90' lang='lat' dir='ltr'><strong>meo.</strong></span> <span class='ocrx_word' id='word_1_240' title='bbox 981 3400 1030 3467; x_wconf 90' lang='lat' dir='ltr'><strong>Ita</strong></span> <span class='ocrx_word' id='word_1_241' title='bbox 1052 3420 1134 3468; x_wconf 91' lang='lat' dir='ltr'><strong>nunc</strong></span> <span class='ocrx_word' id='word_1_242' title='bbox 1156 3420 1212 3483; x_wconf 89' lang='lat' dir='ltr'><strong>per</strong></span> <span class='ocrx_word' id='word_1_243' title='bbox 1234 3420 1286 3466; x_wconf 91' lang='lat' dir='ltr'><strong>ur-</strong></span> 
     </span>
     <span class='ocr_line' id='line_1_31' title="bbox 224 3503 1284 3574; baseline -0.005 -1"><span class='ocrx_word' id='word_1_244' title='bbox 224 3509 292 3574; x_wconf 93' lang='lat' dir='ltr'><strong>bem</strong></span> <span class='ocrx_word' id='word_1_245' title='bbox 316 3509 416 3572; x_wconf 92' lang='lat' dir='ltr'><strong>solum</strong></span> <span class='ocrx_word' id='word_1_246' title='bbox 439 3507 575 3572; x_wconf 91' lang='lat' dir='ltr'><strong>sermoni</strong></span> <span class='ocrx_word' id='word_1_247' title='bbox 597 3505 756 3570; x_wconf 89' lang='lat' dir='ltr'><strong>omuibnst</strong></span> <span class='ocrx_word' id='word_1_248' title='bbox 784 3522 855 3570; x_wconf 90' lang='lat' dir='ltr'><strong>enm</strong></span> <span class='ocrx_word' id='word_1_249' title='bbox 883 3504 962 3570; x_wconf 87' lang='lat' dir='ltr'><strong>velle</strong></span> <span class='ocrx_word' id='word_1_250' title='bbox 984 3504 1116 3569; x_wconf 88' lang='lat' dir='ltr'><strong>amicam</strong></span> <span class='ocrx_word' id='word_1_251' title='bbox 1138 3503 1284 3568; x_wconf 86' lang='lat' dir='ltr'><strong>liberare.</strong></span> 
     </span>
    </p>
   </div>
   <div class='ocr_carea' id='block_1_6' title="bbox 156 3605 1284 4204">
    <p class='ocr_par' dir='ltr' id='par_1_6' title="bbox 156 3605 1284 4204">
     <span class='ocr_line' id='line_1_32' title="bbox 223 3605 1284 3691; baseline -0.005 -17"><span class='ocrx_word' id='word_1_252' title='bbox 223 3610 299 3675; x_wconf 84' lang='lat' dir='ltr'><strong>Cist.</strong></span> <span class='ocrx_word' id='word_1_253' title='bbox 316 3609 354 3688; x_wconf 90' lang='lat' dir='ltr'><strong>ll,</strong></span> <span class='ocrx_word' id='word_1_254' title='bbox 373 3610 475 3689; x_wconf 84' lang='lat'>1‚13:</span> <span class='ocrx_word' id='word_1_255' title='bbox 497 3608 607 3691; x_wconf 91' lang='lat' dir='ltr'><strong>Neque</strong></span> <span class='ocrx_word' id='word_1_256' title='bbox 623 3608 683 3673; x_wconf 91' lang='lat' dir='ltr'><strong>nisi</strong></span> <span class='ocrx_word' id='word_1_257' title='bbox 698 3606 773 3688; x_wconf 92' lang='lat' dir='ltr'><strong>quia</strong></span> <span class='ocrx_word' id='word_1_258' title='bbox 796 3608 891 3672; x_wconf 88' lang='lat' dir='ltr'><strong>miser</strong></span> <span class='ocrx_word' id='word_1_259' title='bbox 912 3625 974 3672; x_wconf 92' lang='lat' dir='ltr'><strong>non</strong></span> <span class='ocrx_word' id='word_1_260' title='bbox 995 3625 1031 3671; x_wconf 91' lang='lat' dir='ltr'><strong>eo</strong></span> <span class='ocrx_word' id='word_1_261' title='bbox 1046 3623 1183 3687; x_wconf 85' lang='lat' dir='ltr'><strong>pessum,</strong></span> <span class='ocrx_word' id='word_1_262' title='bbox 1207 3605 1284 3669; x_wconf 91' lang='lat' dir='ltr'><strong>mihi</strong></span> 
     </span>
     <span class='ocr_line' id='line_1_33' title="bbox 222 3707 1283 3794; baseline -0.007 -17"><span class='ocrx_word' id='word_1_263' title='bbox 222 3712 287 3777; x_wconf 91' lang='lat' dir='ltr'><strong>ulla</strong></span> <span class='ocrx_word' id='word_1_264' title='bbox 314 3713 403 3778; x_wconf 89' lang='lat' dir='ltr'><strong>abest</strong></span> <span class='ocrx_word' id='word_1_265' title='bbox 435 3713 597 3794; x_wconf 90' lang='lat' dir='ltr'><strong>pernicies.</strong></span> <span class='ocrx_word' id='word_1_266' title='bbox 636 3713 681 3777; x_wconf 88' lang='lat' dir='ltr'><strong>ita</strong></span> <span class='ocrx_word' id='word_1_267' title='bbox 708 3716 799 3794; x_wconf 88' lang='lat' dir='ltr'><strong>pater</strong></span> <span class='ocrx_word' id='word_1_268' title='bbox 826 3710 962 3777; x_wconf 90' lang='lat' dir='ltr'><strong>detinuit</strong></span> <span class='ocrx_word' id='word_1_269' title='bbox 991 3728 1049 3774; x_wconf 90' lang='lat' dir='ltr'><strong>me.</strong></span> <span class='ocrx_word' id='word_1_270' title='bbox 1094 3707 1181 3774; x_wconf 85' lang='lat' dir='ltr'><strong>Pers.</strong></span> <span class='ocrx_word' id='word_1_271' title='bbox 1203 3707 1283 3771; x_wconf 79' lang='lat'>731:</span> 
     </span>
     <span class='ocr_line' id='line_1_34' title="bbox 222 3808 1284 3892; baseline -0.004 -15"><span class='ocrx_word' id='word_1_272' title='bbox 222 3812 383 3878; x_wconf 86' lang='lat' dir='ltr'><strong>Transcidi</strong></span> <span class='ocrx_word' id='word_1_273' title='bbox 410 3811 484 3877; x_wconf 89' lang='lat' dir='ltr'><strong>loris</strong></span> <span class='ocrx_word' id='word_1_274' title='bbox 512 3813 613 3877; x_wconf 89' lang='lat' dir='ltr'><strong>omnis</strong></span> <span class='ocrx_word' id='word_1_275' title='bbox 643 3812 814 3877; x_wconf 85' lang='lat' dir='ltr'><strong>adveniens</strong></span> <span class='ocrx_word' id='word_1_276' title='bbox 843 3811 942 3876; x_wconf 87' lang='lat' dir='ltr'><strong>doni:</strong></span> <span class='ocrx_word' id='word_1_277' title='bbox 972 3810 1018 3876; x_wconf 89' lang='lat' dir='ltr'><strong>ita</strong></span> <span class='ocrx_word' id='word_1_278' title='bbox 1045 3809 1122 3874; x_wconf 92' lang='lat' dir='ltr'><strong>mihi</strong></span> <span class='ocrx_word' id='word_1_279' title='bbox 1144 3808 1284 3892; x_wconf 85' lang='lat' dir='ltr'><strong>supellex</strong></span> 
     </span>
     <span class='ocr_line' id='line_1_35' title="bbox 221 3915 565 3998; baseline -0.006 -18"><span class='ocrx_word' id='word_1_280' title='bbox 221 3916 354 3998; x_wconf 89' lang='lat' dir='ltr'><strong>squalet.</strong></span> <span class='ocrx_word' id='word_1_281' title='bbox 385 3915 476 3997; x_wconf 85' lang='lat' dir='ltr'><strong>Epid.</strong></span> <span class='ocrx_word' id='word_1_282' title='bbox 493 3915 565 3979; x_wconf 87' lang='lat'><strong>669.</strong></span> 
     </span>
     <span class='ocr_line' id='line_1_36' title="bbox 157 4013 1282 4102; baseline -0.004 -18"><span class='ocrx_word' id='word_1_283' title='bbox 157 4020 276 4099; x_wconf 85' lang='lat' dir='ltr'><strong>Quibus</strong></span> <span class='ocrx_word' id='word_1_284' title='bbox 298 4020 373 4087; x_wconf 91' lang='lat' dir='ltr'><strong>locis</strong></span> <span class='ocrx_word' id='word_1_285' title='bbox 396 4019 546 4102; x_wconf 89' lang='lat' dir='ltr'><strong>respectis</strong></span> <span class='ocrx_word' id='word_1_286' title='bbox 568 4019 636 4084; x_wconf 89' lang='lat' dir='ltr'><strong>iure</strong></span> <span class='ocrx_word' id='word_1_287' title='bbox 658 4023 805 4100; x_wconf 87' lang='lat' dir='ltr'><strong>putamus</strong></span> <span class='ocrx_word' id='word_1_288' title='bbox 820 4035 882 4084; x_wconf 92' lang='lat' dir='ltr'><strong>nou</strong></span> <span class='ocrx_word' id='word_1_289' title='bbox 897 4022 983 4083; x_wconf 90' lang='lat' dir='ltr'><strong>reete</strong></span> <span class='ocrx_word' id='word_1_290' title='bbox 997 4015 1155 4082; x_wconf 89' lang='lat' dir='ltr'><strong>iudicasse</strong></span> <span class='ocrx_word' id='word_1_291' title='bbox 1170 4013 1282 4081; x_wconf 89' lang='lat' dir='ltr'><strong>Ussin-</strong></span> 
     </span>
     <span class='ocr_line' id='line_1_37' title="bbox 156 4114 1282 4204; baseline -0.001 -19"><span class='ocrx_word' id='word_1_292' title='bbox 156 4123 241 4203; x_wconf 84' lang='lat' dir='ltr'><strong>gium</strong></span> <span class='ocrx_word' id='word_1_293' title='bbox 265 4121 319 4202; x_wconf 90' lang='lat' dir='ltr'><strong>qui</strong></span> <span class='ocrx_word' id='word_1_294' title='bbox 340 4122 387 4185; x_wconf 81' lang='lat' dir='ltr'><strong>ito</strong></span> <span class='ocrx_word' id='word_1_295' title='bbox 410 4124 455 4187; x_wconf 89' lang='lat' dir='ltr'><strong>sic</strong></span> <span class='ocrx_word' id='word_1_296' title='bbox 478 4123 704 4204; x_wconf 85' lang='lat' dir='ltr'><strong>interpretatur</strong></span> <span class='ocrx_word' id='word_1_297' title='bbox 726 4122 757 4186; x_wconf 91' lang='lat' dir='ltr'><strong>in</strong></span> <span class='ocrx_word' id='word_1_298' title='bbox 781 4118 870 4203; x_wconf 83' lang='lat' dir='ltr'><strong>ant.</strong></span> <span class='ocrx_word' id='word_1_299' title='bbox 894 4121 947 4185; x_wconf 96' lang='lat' dir='ltr'><strong>illo</strong></span> <span class='ocrx_word' id='word_1_300' title='bbox 969 4138 1078 4186; x_wconf 84' lang='lat' dir='ltr'><strong>versu:</strong></span> <span class='ocrx_word' id='word_1_301' title='bbox 1096 4114 1152 4184; x_wconf 80' lang='lat' dir='ltr'><strong>‘lta</strong></span> <span class='ocrx_word' id='word_1_302' title='bbox 1174 4123 1209 4184; x_wconf 92' lang='lat' dir='ltr'><strong>ut</strong></span> <span class='ocrx_word' id='word_1_303' title='bbox 1232 4135 1282 4184; x_wconf 88' lang='lat' dir='ltr'><strong>ca·</strong></span> 
     </span>
    </p>
   </div>
   <div class='ocr_carea' id='block_1_7' title="bbox 0 0 1448 4770">
    <p class='ocr_par' dir='ltr' id='par_1_7' title="bbox 0 0 1448 4770">
     <span class='ocr_line' id='line_1_38' title="bbox 0 0 1448 4770; baseline 0 5"><span class='ocrx_word' id='word_1_304' title='bbox 0 0 1448 4770; x_wconf 95' lang='lat' dir='ltr'><strong> </strong></span> 
     </span>
    </p>
   </div>
  </div>
 </body>
</html>
