2888 4770
162 1162 220 1280 Ad
243 1215 368 1298 plenam
391 1214 559 1282 cuiuslibet
573 1215 698 1297 linguae
714 1214 922 1296 cognitionem
946 1215 1129 1296 capiendam
1153 1235 1213 1281 non
1238 1235 1287 1282 sa-

161 1321 201 1384 tis
225 1337 295 1384 esse
317 1319 434 1384 formas
463 1337 500 1384 ac
528 1318 614 1399 leges
636 1318 751 1398 quibus
780 1317 902 1382 exculto
929 1317 991 1382 iem
1013 1323 1109 1398 atque
1131 1317 1286 1400 perpolito

162 1439 304 1487 sermone
326 1421 496 1501 scriptores
523 1424 572 1485 nsi
601 1412 665 1486 sint
694 1420 832 1498 novisse,
861 1421 916 1485 sed
945 1437 1008 1500 qua
1034 1422 1084 1485 via
1106 1438 1142 1486 ac
1165 1423 1286 1488 ratione

160 1523 201 1589 ad
222 1531 325 1589 certas
348 1522 418 1588 illas
441 1525 548 1605 lingua
570 1523 686 1589 formas
701 1522 850 1605 legesque
871 1523 1051 1604 pervenerit
1072 1522 1286 1605 indagandum

161 1645 230 1692 esse
263 1645 345 1692 nunc
379 1626 522 1691 omnibus
552 1643 735 1706 persuasum
765 1631 821 1691 est.
866 1624 978 1708 Itaque
1009 1624 1100 1690 multi
1132 1624 1185 1705 qui
1218 1625 1287 1691 lati.

162 1747 219 1793 nee
246 1727 373 1809 linguae
401 1735 487 1795 recte
514 1729 701 1811 penitusque
726 1729 960 1808 cognoscendae
982 1729 1148 1793 studerent
1169 1728 1210 1792 ad
1233 1748 1287 1794 en·

161 1829 337 1910 tiquissima
359 1849 440 1914 quae
463 1838 586 1897 exstant
609 1833 785 1896 litterarum
809 1835 1009 1896 monumenta
1024 1830 1232 1913 confugerunt
1255 1836 1287 1896 et

160 1934 352 2015 syntecticae
382 1935 442 2012 rei,
472 1933 620 1999 metricae
649 1952 685 1998 ac
709 1933 910 2016 prosodiacac
933 1951 1058 2015 operam
1080 1939 1284 1997 navaverunt.

160 2037 263 2115 Atque
286 2036 361 2100 mibi
384 2037 508 2119 quidem
532 2054 601 2102 cnm
625 2034 762 2101 animum
789 2035 981 2101 induxissem
1008 2036 1039 2101 in
1062 2035 1285 2117 particularum

160 2138 209 2201 ito
230 2139 277 2202 sic
300 2151 365 2202 tam
388 2137 466 2203 adeo
489 2157 580 2204 usum
608 2137 782 2220 inquirere,
812 2138 894 2221 quod
923 2155 1108 2221 persuasum
1131 2138 1284 2205 habebam

160 2240 305 2308 facillime
327 2239 395 2308 fieri
418 2243 557 2322 potuisse
579 2249 615 2308 ut
637 2243 759 2308 scribae
781 2243 900 2308 librarii
921 2244 951 2307 in
968 2243 1056 2308 libris
1073 2243 1283 2309 exscribendis

158 2344 373 2425 imprudentes
396 2352 428 2410 et
450 2345 537 2410 inviti
561 2346 653 2410 aliam
677 2364 747 2410 cum
764 2344 826 2410 alia
841 2351 1079 2424 commutarent,
1103 2348 1141 2411 ad
1165 2345 1285 2425 priscos

159 2447 339 2529 scriptores
362 2447 504 2529 inprimis
529 2448 674 2513 Plautum
698 2455 731 2514 et
752 2448 932 2514 Terentium
961 2449 993 2513 in
1016 2447 1086 2530 ipso
1109 2448 1283 2513 litterarum

158 2548 326 2614 latinarum
349 2549 500 2633 principio
523 2551 699 2628 collocatos
727 2550 830 2616 redire
852 2569 967 2632 operae
989 2549 1125 2633 pretium
1149 2568 1217 2616 esse
1240 2550 1284 2613 vi-

160 2669 228 2714 sum
258 2658 320 2730 est,
351 2652 424 2732 quia
454 2673 491 2718 ex
521 2652 571 2718 his
602 2653 797 2736 potissimum
828 2653 973 2734 cognosci
1003 2671 1095 2735 posse
1124 2651 1284 2734 putabam,

158 2770 239 2834 qnae
261 2751 357 2818 inerit
379 2752 468 2817 initio
484 2753 597 2835 cuique
612 2754 785 2837 particulae
801 2754 960 2836 provincia
976 2755 1136 2837 assignata
1157 2761 1189 2820 et
1210 2773 1283 2836 qua-

157 2859 248 2919 tenus
272 2857 517 2939 uniuscuiusque
539 2855 616 2922 fines
639 2861 777 2940 pateant.

244 2958 348 3040 Atque
371 2977 441 3024 cum
464 2958 658 3042 singularum
682 2961 744 3024 vim
773 2979 809 3025 ac
839 2962 992 3025 rationem
1015 2960 1224 3044 perspicerem
1247 2979 1284 3026 ac

157 3078 362 3141 persequerer
382 3068 414 3126 et
429 3068 532 3126 certas
548 3063 632 3141 leges
649 3063 840 3129 constituere
856 3064 1024 3143 studerem,
1047 3063 1080 3127 in
1095 3062 1180 3130 locos
1203 3082 1284 3128 com-

156 3163 279 3245 plures,
310 3164 363 3246 qui
386 3164 418 3227 in
440 3163 555 3230 fabulis
578 3163 732 3230 Plautinis
755 3164 1017 3249 Terentianisque
1046 3172 1079 3230 et
1105 3165 1136 3230 in
1166 3167 1283 3248 prisce·

156 3284 225 3328 rum
250 3264 463 3331 scaenicorum
486 3271 650 3346 poetarum
665 3265 807 3348 reliquiis
827 3269 985 3350 leguntur,
1009 3266 1116 3347 incidi,
1141 3268 1180 3332 ad
1203 3285 1282 3346 quos

157 3367 297 3432 nonnihil
326 3388 375 3434 me
405 3369 545 3434 conferre
574 3387 668 3451 posse
697 3371 861 3452 sperabam
892 3370 941 3436 vel
970 3370 1206 3452 interpretando
1234 3369 1283 3434 vel

157 3471 358 3537 emendando.
411 3471 495 3550 Quos
523 3469 649 3554 quidem
684 3471 742 3538 bac
776 3491 869 3556 quam
905 3471 1036 3538 instituo
1069 3470 1282 3555 disputatione

156 3578 295 3638 tractare
317 3572 395 3638 mihi
416 3572 518 3640 liceat.

598 3727 709 3805 Amph.
731 3727 840 3803 441sq.

182 3822 276 3898 ¹Certe
297 3839 411 3915 edepol,
438 3857 520 3914 quom
547 3839 625 3899 illum
647 3839 805 3914 contemplo
830 3841 859 3899 et
883 3840 1003 3900 formam
1023 3857 1160 3917 cognosco
1181 3857 1280 3913 meam,

169 4012 171 4017 ,
195 3933 434 4004 Quemadmodum
455 3950 507 4009 ego
529 3951 589 3994 sum
611 3937 710 4009 (saepe
730 3935 759 3993 in
774 3933 917 4009 speculum
938 3934 1077 4010 inspexi):
1097 3935 1182 3995 nimis
1201 3935 1280 3995 simi·

198 4121 299 4182 Itidem
321 4122 410 4182 habet
429 4125 558 4196 petasum
580 4140 613 4182 ec
634 4121 781 4184 vestitum:
801 4127 858 4185 tam
879 4029 1150 4200 oonsinlrlillstmgbque
1170 4139 1232 4198 ego.
