2888 4770
699 340 740 402 29

159 541 205 606 sic
220 541 361 624 scripsit:
386 539 699 626 ‘Perennitatemqne
714 545 794 610 adeo
809 543 883 608 huic
899 548 1064 624 perpetuet
1079 541 1166 609 cibi'.
1196 543 1283 622 Quae

157 642 251 709 lectio
267 663 456 726 quamquam
471 644 694 727 perspicuitate
708 645 792 710 illam
810 645 932 712 vincere
949 645 1090 719 videtur,
1114 652 1218 710 tamen
1234 665 1282 712 co·

160 746 264 812 dicum
288 747 474 828 scripturam
496 749 682 814 servandam
706 755 798 830 puto,
829 748 903 828 quic
925 765 1095 830 nusquam,
1127 747 1181 813 ubi
1205 745 1283 812 adeo

159 848 376 930 gradationem
399 849 569 932 significat,
592 852 703 933 plenae
725 852 806 916 duae
829 869 885 931 per
908 871 967 933 que
988 855 1194 915 conectuntur
1215 868 1285 915 seu·

160 951 328 1034 tentiae*).
362 951 488 1019 Saturio
511 958 599 1033 optat
622 959 730 1019 utres
754 953 794 1033 de
815 970 878 1032 qua
900 954 1006 1034 agitur
1029 971 1091 1017 nou
1114 952 1204 1018 modo
1225 952 1285 1018 sibi

160 1057 194 1118 et
215 1054 317 1118 ventri
339 1073 396 1121 sno
418 1055 498 1120 bene
519 1062 637 1134 vertat,
666 1055 839 1122 sedetiam
863 1055 946 1130 cibo,
979 1057 1023 1120 ita
1050 1060 1086 1120 ut
1113 1060 1284 1137 perpetuus

161 1155 205 1220 sit
225 1162 321 1238 atque
342 1159 493 1240 optimus3
527 1178 608 1241 quae
630 1161 725 1225 verba
747 1159 908 1242 praeclare
930 1160 960 1223 in
988 1158 1116 1240 parasiti
1139 1163 1284 1222 naturam

161 1257 287 1323 cadunt.

247 1357 343 1428 Mero.
366 1381 394 1426 v.
412 1364 452 1426 26
475 1363 547 1431 libri
570 1364 615 1430 sic
637 1363 799 1431 exhibent:

410 1498 522 1574 Ineptia
542 1500 719 1574 stultitiaque
739 1501 807 1560 adeo
828 1502 857 1559 et
877 1499 1032 1560 temeritas.

161 1623 299 1692 Metrum
329 1646 400 1693 cum
430 1629 565 1694 clamare
594 1628 754 1694 videretur
782 1629 885 1694 locum
918 1647 986 1695 esse
1025 1630 1286 1714 depravatum**)

161 1730 351 1796 Ritecbelins
374 1732 512 1813 scripsit:
542 1728 681 1813 ‘Ineptia
696 1740 791 1815 atque
806 1734 941 1800 stultitia
956 1733 1036 1798 adeo
1051 1739 1084 1798 et
1099 1732 1287 1799 temeritas'.

161 1831 226 1898 Sed
247 1852 317 1898 cum
340 1834 484 1899 studeret
506 1841 542 1899 ut
561 1836 721 1900 metricam
737 1835 838 1902 labem
855 1834 989 1913 tolleret,
1013 1854 1208 1901 communem
1223 1854 1288 1902 ser-

162 1935 263 1999 monis
293 1936 549 2001 consuetudinem
583 1955 695 2018 parurn
729 1935 875 2019 respexit.
928 1937 1092 2016 Nusquam
1127 1939 1225 2016 euim,
1255 1938 1288 2002 in

163 2038 317 2104 eiusmodi
347 2037 535 2115 enuntiatis,
564 2039 618 2103 ubi
648 2039 729 2105 duae
757 2038 805 2104 vel
832 2038 938 2121 plures
968 2039 1123 2106 enuntiati
1150 2047 1288 2120 partes

162 2139 227 2204 alia
248 2138 303 2204 clii
325 2138 537 2205 adnectuntur
560 2150 652 2224 atque
673 2140 751 2205 adeo
767 2143 968 2207 inveniuntur
982 2142 1168 2223 interposito
1185 2141 1288 2224 aliquo

163 2242 326 2308 vocabulo.
371 2242 458 2306 Duas
480 2244 571 2307 modo
599 2242 816 2308 inscribendo
845 2243 983 2308 rationes
1013 2249 1107 2324 poeta
1135 2243 1214 2308 inire
1235 2262 1290 2326 po-

164 2348 257 2409 terat.
302 2345 366 2408 Aut
389 2345 471 2408 enim
494 2343 693 2410 scribendum
717 2351 800 2409 erat:
829 2341 969 2426 ‘ineptia
991 2350 1087 2426 etque
1109 2345 1189 2409 adeo
1212 2345 1289 2410 stul·

163 2443 260 2523 titia'‚
284 2454 355 2512 aut:
381 2442 520 2528 ‘ineptia
542 2446 739 2527 stultitiaque
762 2445 868 2513 adeo'.
906 2446 1046 2527 Cumque
1068 2446 1217 2513 hocloco
1240 2466 1288 2513 co-

164 2548 251 2615 dices
273 2548 354 2615 bano
376 2549 541 2616 lectionem
564 2550 745 2629 praebeant,
769 2550 963 2615 retinendam
985 2568 1053 2615 earn
1077 2567 1146 2614 esse
1161 2557 1289 2631 putave-

164 2653 223 2717 rim
240 2658 272 2718 et
287 2651 486 2718 scribendum
502 2670 572 2716 cum
589 2649 768 2717 Camerario
785 2670 842 2734 pro
858 2652 991 2735 ineptia,
1007 2651 1091 2731 quod
1107 2651 1139 2716 in
1157 2651 1288 2733 Adelph.

163 2775 194 2819 v.
211 2756 273 2819 749
296 2755 362 2819 solo
384 2753 447 2834 legi
474 2755 613 2830 videtur,
644 2754 803 2838 ineptiam
829 2753 904 2818 uisi:
933 2752 1078 2835 ‘Ineptia
1100 2759 1132 2819 et
1155 2754 1290 2818 stultitia

163 2863 260 2938 atque
282 2858 361 2923 adeo
385 2855 572 2936 temeritas’,
602 2857 706 2937 legere
729 2858 844 2935 mavis,
874 2875 944 2923 cum
972 2856 1115 2937 gradatio
1138 2857 1236 2922 maior
1257 2858 1290 2920 in

164 2959 316 3025 vocabulo
340 2959 500 3022 temeritas
523 2959 606 3023 insit.

251 3060 403 3125 Similiter
430 3059 508 3124 adeo
536 3068 707 3142 usurpatur
730 3059 791 3138 vel,
823 3071 880 3122 our
907 3060 1070 3139 particulis
1094 3060 1290 3142 disjunctivis

165 3167 424 3246 praecedentibus
447 3165 495 3229 bis
517 3163 603 3230 locis.

252 3265 322 3332 Oas
345 3266 422 3347 prol.
441 3268 494 3332 ii:
523 3263 662 3331 ‘Poenus
685 3265 759 3329 dum
781 3264 876 3329 iudex
903 3265 945 3329 sit
971 3264 1020 3329 vel
1043 3264 1183 3330 Graecus
1212 3266 1291 3330 adeo

165 3368 217 3435 vel
246 3388 314 3434 mea
346 3388 442 3433 cause
472 3365 619 3449 Apulns'.
671 3368 727 3432 Pb.
749 3366 826 3430 932:
862 3359 984 3430 ‘Etiam
1017 3386 1099 3432 nunc
1128 3366 1229 3432 credis
1260 3372 1291 3432 te

165 3473 339 3554 ignorarier
362 3477 417 3535 aut
440 3480 495 3535 tua
516 3469 602 3535 iacta
624 3469 725 3534 adeo?
745 3468 759 3551 ΙΙ
779 3466 920 3532 Inritor’.
960 3467 1068 3534 Liceat
1090 3470 1165 3533 mibi
1188 3468 1292 3549 copio-

166 3575 233 3640 sius
257 3575 295 3640 de
309 3573 504 3639 Phormiouis
526 3591 619 3637 versu
643 3572 807 3637 disserere.
841 3569 994 3636 Dniatnko
1010 3571 1091 3634 enim
1107 3572 1137 3634 in
1154 3571 1292 3636 editione

166 3695 225 3742 sua
247 3684 319 3759 post
340 3675 438 3761 foeta
468 3675 662 3754 interpunxit
691 3679 723 3738 et
753 3669 831 3734 odeo
858 3670 1044 3752 particulam
1074 3689 1144 3735 cum
1174 3671 1292 3734 terior

168 3821 371 3830 *a

235 3887 263 3955 *)
280 3885 383 3939 Eadem
401 3884 435 3938 de
453 3899 534 3938 causa
546 3880 661 3951 reprobo
673 3877 832 3936 Buecheleri
843 3877 905 3946 (Ru.
918 3877 988 3930 Mus.
1004 3874 1080 3942 xlv)
1093 3874 1291 3928 coniecturam:

162 3969 420 4038 ‘Perennitassitque
437 3967 504 4022 odeo
522 3966 586 4020 buic
603 3969 735 4034 perpetuo
754 3961 864 4018 cibum’.

237 4058 275 4126 ⁴⁴)
292 4055 354 4110 Nou
375 4070 418 4109 me
441 4052 512 4122 fugit
528 4051 690 4106 Muellerum
706 4049 828 4105 codicum
852 4047 987 4118 scriptura
1011 4050 1117 4100 servate
1135 4045 1235 4111 ineptia
1252 4045 1289 4099 le-

166 4158 231 4213 gere
249 4141 382 4212 producta
398 4139 502 4196 ultima.
