2888 4770
691 280 732 345 56

220 482 277 551 Set
298 485 343 551 sic
365 485 513 551 utendam
536 484 618 551 dedi.
653 482 717 549 Mil.
734 484 811 549 854:
841 483 893 550 Sic
914 490 1044 567 propter
1065 484 1169 551 cados.
1209 479 1277 546 Att.

218 588 257 652 fr.
280 593 319 652 tr.
338 586 414 650 634:
438 586 475 652 Id
499 607 555 669 ego
579 606 702 669 semper
724 587 769 653 sie
791 605 909 653 meeum
932 588 1045 667 cogito.

262 687 332 768 Sic,
361 690 445 771 quod
466 688 499 754 in
521 689 609 754 Asin.
632 707 679 754 vv.
698 689 815 771 794sq.
838 689 968 771 legitur:
995 686 1090 754 ‘Fors
1112 687 1137 750 si
1159 683 1278 750 tussire

219 792 363 873 occepsit,
386 810 426 855 ne
448 792 491 857 sic
514 791 628 857 tussiat
651 797 686 855 ut
709 790 877 873 quoiquam
900 792 1038 874 linguam
1061 790 1092 854 in
1114 786 1279 853 tussiendo

219 897 385 975 proserat',
408 891 524 976 legitur
546 893 679 960 fortasse
694 894 739 960 ita
753 894 1094 977 interpretandumest
1115 896 1150 956 ut
1171 889 1199 954 is
1223 889 1279 972 qui

218 995 358 1076 loquitur
378 996 517 1078 linguam
540 997 607 1079 ipse
630 1004 782 1079 proserat.

614 1149 689 1210 Hoc.
709 1148 820 1225 deasq.

359 1279 426 1338 Non
446 1277 552 1338 credidi
572 1279 672 1353 edepol
692 1278 762 1340 adeo
782 1280 965 1339 inhumanum
985 1278 1058 1339 iore:

359 1372 403 1430 lta
423 1389 498 1431 nunc
518 1373 543 1431 is
563 1372 619 1432 sibi
640 1390 684 1432 mo
704 1373 927 1448 supplicaturum
947 1372 1046 1447 putat?

360 1466 391 1525 Si
411 1469 455 1526 cst
475 1470 505 1526 ut
525 1466 594 1525 velit
613 1467 765 1527 redducere
786 1484 908 1538 uxorem,
928 1467 1008 1526 licet:

361 1559 411 1618 Sin
430 1559 516 1620 aliost
535 1559 638 1629 animo,
658 1562 814 1621 renumeret
834 1562 927 1621 dotem
948 1561 1011 1634 huc,
1033 1562 1088 1620 cat.

241 1695 296 1760 Ito
326 1698 401 1780 quid
430 1699 481 1762 hic
512 1698 573 1764 sibi
604 1699 677 1765 uelit
710 1719 772 1764 non
800 1699 892 1766 facile
926 1698 1125 1781 perspicitur.
1169 1696 1282 1776 Neque

157 1799 239 1864 enim
266 1799 312 1864 sic
341 1800 479 1883 intellegi
500 1806 604 1882 potest
628 1808 662 1867 ut
684 1802 839 1868 causalem
865 1803 981 1868 habeat
1010 1801 1168 1866 notionem
1195 1797 1281 1880 (vide

156 1901 197 1965 ad
213 1901 303 1984 Capt.
319 1903 439 1986 susq),
462 1923 563 1989 neque
579 1905 623 1970 sie
645 1911 681 1969 ut
703 1904 894 1985 pleonastice
909 1904 1004 1969 verbo
1021 1913 1117 1988 putot
1138 1901 1281 1966 additum

157 2005 207 2080 sit,
230 2006 304 2087 quia
326 2007 521 2072 accusativus
544 2025 613 2071 cum
637 2005 789 2073 infinitivo
819 2006 979 2087 praecedit
1008 2007 1103 2071 verbo
1133 2003 1218 2087 (vide
1240 2003 1282 2068 ad

158 2126 206 2173 vv.
229 2109 314 2173 Trin.
332 2107 473 2190 eausa).
518 2108 638 2187 Quibus
661 2109 801 2175 adducor
829 2115 865 2175 ut
891 2110 962 2172 ilco
990 2108 1189 2175 scribendum
1211 2125 1282 2188 pro-

158 2229 281 2291 ponam.
311 2209 350 2277 cf.
365 2209 421 2274 Ph.
438 2210 511 2274 413.
556 2211 664 2276 Litora
685 2234 706 2273 o
727 2210 873 2278 facillime
895 2230 915 2276 a
936 2211 1065 2277 librario
1095 2209 1199 2275 omitti
1228 2226 1283 2290 po-

158 2313 234 2393 tuit,
269 2332 339 2380 cum
368 2315 553 2380 vccabulum
583 2315 757 2396 proximum
792 2315 832 2380 ab
861 2316 969 2379 eadem
998 2313 1150 2393 inciperet
1175 2311 1281 2376 litera.

158 2414 204 2482 Ac
226 2436 265 2481 ne
288 2420 422 2482 metrum
451 2416 577 2496 quidem
608 2416 830 2497 impedimento
860 2423 909 2482 est
938 2416 1104 2498 quominus
1132 2416 1176 2480 sic
1206 2415 1284 2479 scri·

158 2518 279 2598 bamus,
302 2537 372 2585 cum
395 2518 473 2583 satis
489 2523 612 2584 constet
626 2542 646 2581 a
661 2525 882 2586 consonantem
899 2520 1024 2602 saepius
1046 2517 1108 2584 alia
1130 2524 1283 2597 sequente

159 2619 310 2701 syllabam
333 2640 393 2686 non
409 2622 592 2703 producere.
616 2622 654 2687 cf.
677 2623 746 2686 c'taa
762 2621 888 2687 eaodem
901 2622 987 2687 Trin.
1005 2621 1066 2685 642
1083 2620 1135 2704 (cl.
1150 2618 1283 2685 Ritschl.

159 2723 236 2805 prol.
260 2743 289 2806 p.
309 2724 393 2807 138),
416 2723 515 2789 babeo
538 2735 572 2788 to
595 2726 678 2791 Trin.
696 2726 768 2789 964.
795 2724 851 2789 Ph.
870 2727 941 2788 413.
974 2725 1053 2790 Eun.
1072 2723 1164 2787 1018.
1188 2721 1284 2785 videa

159 2823 329 2889 scelestus?
357 2827 438 2891 Rud.
456 2828 547 2891 1093.
572 2850 646 2911 epora
669 2826 950 2911 perducentes.
974 2827 1036 2891 633
1048 2827 1085 2890 R.

246 2929 354 3009 Aeque
376 2930 407 2994 in
430 2930 566 3013 Adelph.
590 2951 638 2995 vv.
655 2931 726 2994 611.
744 2932 821 2995 642:
846 2928 931 2996 ‘Non
954 2931 1098 3014 equidem
1125 2932 1204 2996 istas
1227 2930 1285 3011 (sc.

161 3031 265 3113 pepuli
288 3030 384 3114 fores)
407 3034 490 3111 quod
513 3033 608 3098 sciam
625 3033 640 3115 ΙΙ
656 3032 723 3098 Ita:
754 3053 826 3098 nam
849 3035 984 3101 mirabar
1006 3034 1081 3116 quid
1104 3035 1154 3099 hic
1177 3032 1285 3114 negoti

160 3139 244 3200 essct
266 3134 349 3212 tibi',
372 3153 429 3217 pro
452 3134 500 3199 ito
521 3136 699 3217 scripserim
723 3137 801 3200 itan.

245 3236 432 3318 Nuperrime
454 3235 632 3317 Langenius
655 3239 698 3320 (p.
713 3237 788 3320 330)
812 3238 851 3303 de
873 3238 959 3301 itane
987 3238 1121 3306 formula
1151 3240 1286 3304 interro·

161 3338 257 3421 gandi
283 3337 458 3419 disputavit
487 3343 518 3403 et
547 3339 653 3403 docuit
681 3357 742 3403 non
771 3339 834 3404 iam
867 3341 951 3422 apud
981 3340 1126 3408 Plautum
1156 3340 1285 3422 quidem

161 3458 279 3507 meram
300 3439 464 3506 formulam
487 3439 600 3503 factam
623 3457 692 3505 esse
714 3439 813 3519 illam,
837 3441 892 3505 sed
916 3441 968 3506 ubi
991 3442 1021 3505 in
1044 3441 1138 3524 plena
1159 3441 1285 3523 legatur

161 3543 318 3611 sententia
333 3543 522 3626 peculiarem
538 3560 574 3607 ac
588 3541 747 3624 propriam
763 3561 852 3608 suam
867 3543 929 3609 sibi
943 3545 1005 3607 vim
1021 3562 1157 3610 servare.
1193 3545 1285 3624 Quod

161 3653 198 3713 ut
219 3647 332 3730 probet
353 3652 418 3711 tres
440 3645 498 3709 bos
527 3644 618 3710 affert
646 3645 745 3726 locos,
775 3645 889 3728 quibus
910 3647 957 3709 ito
983 3666 1053 3712 cum
1079 3648 1174 3714 verbo
1200 3649 1286 3730 quod

162 3750 305 3831 sequitur
332 3746 583 3830 coniungendam
612 3756 732 3814 censet:
765 3746 847 3814 Men.
869 3751 945 3814 948:
968 3748 1034 3815 ‘Ad
1062 3770 1110 3816 me
1140 3751 1207 3817 face
1237 3750 1286 3815 uti

163 3851 324 3918 deferatur
345 3851 359 3934 ΙΙ
377 3850 466 3916 Itane
488 3845 629 3916 censesl’
675 3851 739 3915 Mil.
764 3852 821 3918 65:
865 3853 912 3918 Ne
933 3852 1005 3917 illae
1028 3857 1101 3918 sunt
1128 3851 1283 3930 fortunae,

163 3971 243 4034 quae
259 3973 328 4019 cum
344 3954 405 4018 isto
421 3954 536 4019 cubant
550 3953 563 4035 {l
581 3952 669 4017 Itane
685 3954 794 4018 aibant
817 3956 940 4019 tandem
948 3956 974 4019 1³
1014 3955 1076 4018 Mil.
1094 3955 1173 4021 627:
1202 3952 1284 4032 Quid
