2888 4770
719 339 818 434 12·

638 427 840 436 ....-.---—·--

241 540 312 606 Aul.
329 542 406 606 524:
437 542 527 607 Nunc
549 542 593 607 sic
617 540 823 625 (loquentem)
851 541 961 607 sinam.
1006 542 1085 607 Rud.
1102 540 1180 607 463:
1209 539 1299 618 Hem,

241 645 285 709 sic
308 645 377 710 volo
400 651 432 710 tc
455 644 537 710 ferre
558 645 689 709 honeste
712 645 767 727 (εσ.
783 645 909 728 aquam)
932 650 969 710 ut
990 661 1047 726 ego
1070 643 1147 709 foro.
1180 641 1257 709 cist.
1274 645 1299 724 I,

240 748 268 826 2,
292 746 349 810 28:
378 747 511 812 Praeter
531 765 587 812 vos
610 747 685 812 haec
707 765 759 812 res
782 747 827 812 sic
849 752 982 829 gestast.

239 847 278 912 In
301 847 393 912 True.
417 865 543 933 quoquc
565 867 594 913 v.
611 849 658 927 ΙΙ,
682 849 718 928 5,
742 849 799 912 25:
832 847 929 929 ‘Eho
958 847 1141 926 Pithecium,
1172 847 1239 914 iace
1262 853 1299 913 ut

239 949 439 1029 adcumbam,
462 954 589 1032 accede,
615 951 739 1016 adiuta:
769 951 813 1016 sic
837 950 926 1017 decet
953 949 1165 1034 puerperam',
1188 951 1299 1017 modus

240 1073 332 1137 quem
355 1053 403 1118 cic
424 1054 581 1135 significat
602 1054 640 1120 iis
665 1073 745 1136 quae
768 1058 906 1135 aguntur
927 1053 1113 1119 illustratur.
1147 1052 1186 1119 ct.
1202 1070 1299 1135 supra

241 1155 288 1222 St.
311 1175 340 1221 v.
357 1158 408 1220 94.

174 1259 295 1326 Passim
326 1259 371 1322 cic
399 1258 473 1341 quid
504 1259 565 1326 sibi
599 1260 674 1325 velit
697 1259 799 1326 verbis
827 1279 908 1342 quae
935 1259 1171 1341 subsequuntur
1204 1258 1299 1341 expli-

175 1370 278 1429 catur:

239 1466 351 1546 Amph.
368 1466 446 1530 585:
471 1463 619 1546 Sequere,
642 1482 729 1530 erum
746 1464 798 1546 qui
822 1463 866 1529 sic
890 1462 1029 1530 ludificas
1053 1464 1144 1530 dictis
1168 1464 1298 1528 deliran-

239 1569 335 1634 tibus.
375 1567 557 1632 Μί1.1957;
586 1565 741 1632 Interdixi
764 1584 864 1631 meam
887 1585 926 1630 nc
949 1567 992 1630 sic
1015 1568 1104 1647 volgo
1126 1567 1298 1648 pollicitcre

239 1690 375 1754 oporam.
408 1671 491 1737 Men.
506 1671 582 1737 131:
611 1671 663 1737 Sic
678 1672 750 1738 huic
765 1673 855 1736 decet
869 1671 938 1736 deri
954 1671 1053 1738 facete
1068 1670 1164 1736 verba
1176 1668 1298 1735 custodi

239 1780 337 1855 cetae.
384 1775 494 1856 Amph.
511 1774 589 1839 858:
620 1775 719 1839 Nimis
742 1773 863 1840 facinus
887 1774 1044 1847 mirumst,
1075 1773 1129 1855 qui
1157 1772 1201 1836 illi
1228 1789 1299 1837 con-

238 1877 373 1944 lubitum
396 1878 457 1944 siet
480 1899 548 1944 meo
572 1879 647 1955 viro,
670 1879 715 1943 εἰσ
737 1898 786 1944 me
807 1877 987 1943 insimulare
1002 1876 1082 1941 falso
1098 1874 1218 1940 facinus
1234 1879 1298 1938 tam

239 1980 369 2062 malum3
401 2000 462 2063 quo
485 1982 552 2046 loco
575 1987 717 2062 respecto
739 1981 772 2045 in
796 1981 906 2062 Amph.
930 1999 958 2045 v.
976 1980 1054 2044 882:
1083 1975 1223 2042 ‘Durare
1246 1995 1299 2041 ne·

239 2101 318 2164 queo
342 2085 373 2147 in
395 2085 535 2147 aedibus.
559 2085 604 2146 ita
625 2101 675 2147 me
698 2084 802 2162 probri
826 2118 866 2129 -
889 2101 909 2147 a
931 2081 997 2148 viro
1028 2088 1171 2163 argutam
1202 2077 1297 2158 meo',

240 2203 297 2265 pro
318 2186 364 2247 ito
386 2185 431 2248 cio
453 2186 642 2267 scripserim.
679 2186 774 2250 Poen.
790 2185 814 2263 1,
832 2186 861 2263 9,
878 2186 933 2249 24ε
962 2183 1124 2249 Miror-
1148 2192 1179 2246 te
1201 2183 1298 2248 istaec

237 2288 283 2352 sic
317 2287 459 2353 fabulari.
511 2289 593 2354 Men.
616 2289 692 2352 762:
731 2289 885 2367 Quidnam
918 2290 975 2353 hoc
1003 2289 1045 2352 sit
1073 2285 1178 2367 negoti
1213 2286 1297 2368 quod

239 2389 303 2454 filia
323 2392 368 2455 sic
391 2398 520 2472 repente
543 2391 662 2471 expetit
684 2410 742 2468 me,
767 2393 806 2456 ad
831 2390 1006 2456 sentirem
1024 2387 1297 2472 (ubiRitschelius

240 2511 300 2557 non
325 2499 409 2558 recte
432 2497 469 2557 ut
491 2491 615 2558 videtur
637 2493 685 2555 sio
707 2492 845 2575 delevit).
891 2490 1046 2570 Casili,
1070 2491 1107 2571 4,
1131 2491 1189 2555 28:
1218 2491 1297 2569 Quoi

237 2595 283 2659 εἰσ
310 2600 357 2660 tot
386 2597 502 2660 amanti
532 2595 606 2661 mihi
634 2588 756 2660 obviam
784 2597 932 2660 eveniunt
960 2613 1076 2660 morae.
1120 2594 1201 2659 Rnd.
1217 2593 1296 2656 426:

237 2695 307 2761 Non
335 2697 407 2761 licet
435 2704 467 2762 te
495 2699 539 2763 εἰσ
567 2697 723 2778 placidule
750 2696 863 2762 bellam
898 2706 1036 2779 tangere.
1082 2694 1296 2761 maechata:

237 2800 278 2863 R:
310 2799 399 2877 Quod
423 2800 467 2865 sic
490 2806 606 2864 terram
632 2799 766 2880 [tacens]
791 2805 932 2880 optuere.
977 2797 1090 2864 Bacch.
1106 2798 1178 2863 908.
1204 2797 1296 2860 1193.

239 2902 303 2965 Att.
327 2901 365 2965 fr.
389 2905 428 2966 tr.
445 2902 522 2964 374:
564 2900 615 2966 Sic
646 2906 768 2966 atratus
799 2909 901 2968 taetra
928 2908 1015 2967 veste
1043 2909 1075 2967 et
1107 2900 1297 2966 vastitudine

238 3001 439 3068 deformatus.
491 3005 569 3073 nnn.
599 3009 639 3068 tr.
670 3003 736 3068 reli.
767 3004 803 3069 V.
820 3007 897 3070 251:
931 3004 1062 3070 Lumine
1090 3004 1135 3069 sic
1163 3003 1296 3068 tremulo

239 3113 323 3171 terra
351 3114 382 3171 et
409 3125 485 3171 cava
514 3105 659 3172 caerulea
687 3108 831 3174 candent.
877 3107 987 3189 Amph.
1010 3107 1088 3190 prol.
1114 3108 1189 3170 117:
1223 3105 1298 3170 Pro·

237 3210 317 3274 cessi
340 3209 384 3273 sic
407 3228 476 3274 cum
499 3209 605 3274 servili
628 3208 766 3274 schema.
811 3208 862 3273 Ρε.
881 3209 972 3273 1998.
999 3210 1090 3274 1275.
1123 3210 1205 3273 Men.
1224 3209 1294 3271 197.

238 3312 329 3375 Truc.
350 3312 406 3389 IV,
431 3311 466 3390 2,
492 3312 520 3374 6.
545 3311 582 3392 4,
605 3312 634 3375 3.
665 3309 735 3376 Cas.
757 3311 806 3393 11,
830 3314 866 3392 7,
891 3312 924 3374 4:
956 3310 1037 3390 Quid
1061 3318 1154 3391 opust
1175 3311 1228 3393 qui
1251 3311 1296 3374 sic

237 3420 388 3479 mortuus.
423 3413 487 3478 Mil.
505 3415 603 3480 1021:
634 3416 752 3481 Astabo
775 3415 826 3479 hic
845 3416 1000 3494 tantisper
1021 3433 1091 3480 cnm
1113 3412 1171 3480 hac
1194 3414 1294 3477 forma

237 3522 269 3583 et
291 3518 381 3583 sactis
404 3518 449 3584 εἰσ
472 3517 589 3584 frustra
612 3519 680 3601 (ubi
703 3519 748 3582 sic
770 3515 948 3582 reflexivam
970 3534 1007 3580 ac
1036 3515 1214 3597 privitivam
1229 3515 1295 3600 fiir

237 3619 304 3683 sich
327 3622 468 3687 redolere
490 3621 746 3703 significationem
767 3622 884 3701 Rogge,
907 3621 1034 3699 Quaest.
1058 3619 1097 3683 de
1119 3637 1206 3701 pron.
1229 3616 1295 3684 refl.

237 3742 285 3804 ap.
308 3722 361 3787 lat.
378 3730 502 3802 natura,
530 3723 622 3789 Halia
647 3723 739 3801 1875,
768 3725 867 3788 docet.
901 3723 985 3788 Trin.
1002 3723 1060 3785 691
1087 3720 1147 3805 (Fi.
1163 3740 1200 3786 ex
1216 3719 1295 3787 coni.

237 3823 439 3908 Camerarii):
473 3824 525 3891 Sic
547 3827 613 3892 sine
642 3827 724 3891 dote.
768 3824 848 3890 Enn.
872 3824 909 3888 fr.
934 3833 972 3889 tr.
989 3825 1061 3889 215.
1107 3822 1294 3888 Pactam:

237 3925 316 4009 [Sic]
339 3927 417 3991 iram
448 3928 478 3990 in
507 3933 654 4008 promptu
684 3944 805 4008 gerere.
849 3926 899 3990 Ρε.
916 3926 988 3988 477.
1019 3925 1114 3992 Merc.
1132 3927 1209 3991 785:
1244 3925 1295 3990 Sic

236 4048 285 4093 me
308 4036 436 4109 nuptam
460 4033 523 4093 tam
553 4029 648 4094 malet
682 4046 830 4109 measque
858 4029 889 4093 in
919 4030 1005 4095 aedis
1034 4028 1080 4095 εἰσ
1109 4033 1213 4096 scorta
1242 4029 1294 4096 ob·

237 4131 405 4196 ductarier.
452 4132 531 4195 Enn.
555 4149 627 4195 ann.
650 4130 688 4196 fr.
704 4129 776 4194 398.
800 4131 897 4196 Andr.
916 4130 987 4196 180.
1010 4129 1106 4198 Mero.
1125 4133 1197 4198 719.
