2888 4770
645 305 684 368 41

106 507 147 567 St.
163 507 212 567 tr:

138 617 315 694 Principium
336 636 388 693 ego
409 622 566 694 quopacto
588 638 650 680 cum
672 620 730 680 illis
751 620 902 696 occupiam,
923 621 951 680 id
973 623 1137 684 ratiocinor:

142 712 242 771 Utrum
264 729 317 787 ego
338 713 491 789 perplexim
512 715 648 775 lacessam
670 715 794 774 oratione
815 716 850 773 ad
871 716 945 775 huno
965 717 1085 789 modum,

141 805 228 876 Quasi
248 824 390 881 nunquam
411 808 562 882 quidquam
584 809 653 869 tdeo
674 807 852 879 adsimulem,
872 826 907 868 an
928 810 1012 883 quasi
1033 812 1099 886 quid
1120 811 1221 871 indau-

992 905 1118 964 diverim.

100 1025 267 1095 Consentio
297 1049 367 1097 eum
397 1031 557 1115 Langenio
587 1031 665 1098 adeo
697 1032 747 1097 hie
775 1031 850 1098 ferri
877 1050 938 1097 non
966 1052 1066 1116 posse.
1112 1033 1221 1113 Neque

100 1130 273 1198 enimcum
301 1131 474 1218 quidquam
501 1136 650 1202 vocabulo
674 1134 821 1215 coniungi
843 1141 960 1216 potest,
992 1143 1027 1202 ut
1049 1136 1165 1202 maiore
1186 1135 1219 1200 id

99 1233 129 1299 vi
151 1233 271 1315 efferat,
296 1255 395 1319 neque
417 1239 548 1318 gradum
572 1238 747 1320 significare
771 1244 883 1318 potest.
932 1239 1058 1304 Accedit
1082 1245 1116 1303 ut
1138 1239 1219 1304 eodi-

99 1354 149 1401 ces
172 1354 280 1404 omnes
303 1358 365 1404 uno
395 1346 523 1423 excepto
553 1341 585 1404 in
614 1363 667 1405 eas
696 1361 752 1423 pro
778 1337 857 1405 adeo
879 1339 1056 1407 exhibeant.
1101 1341 1221 1420 Quibus

98 1439 136 1504 de
158 1441 261 1505 causis
283 1441 365 1507 hanc
387 1443 550 1510 lectionem
566 1445 751 1509 servandam
769 1463 838 1509 esse
858 1444 1042 1523 putaverim,
1066 1444 1125 1509 nisi
1149 1462 1219 1508 cum

97 1541 257 1626 Langenio
278 1544 379 1611 locum
396 1545 603 1614 reconditiora
618 1548 761 1614 laborare
777 1546 953 1629 corruptela
971 1547 1098 1612 credere
1113 1547 1219 1612 males.

516 1715 609 1776 Poen.
624 1716 681 1791 1v‚
696 1715 727 1789 2,
742 1715 792 1777 47.
842 1748 845 1755 .

200 1845 345 1923 Diespiter
365 1864 409 1906 me
429 1847 471 1906 sic
490 1847 596 1906 amabit
608 1848 620 1916 ΙΙ
632 1847 671 1906 Ut
691 1846 803 1919 quidem
826 1845 923 1919 edepol
945 1845 1048 1919 dignus
1068 1861 1107 1904 es.

115 1997 117 2000 Α
209 1939 222 2007 ΙΙ
233 1940 273 1999 Ut
293 1957 346 2016 ego
366 1941 439 2000 hano
459 1939 593 2000 familiam
614 1939 728 2001 interire
749 1940 839 2015 cupio.

96 2070 163 2136 Hoc
186 2069 253 2136 loeo
276 2070 342 2136 solo
365 2070 449 2152 apud
472 2070 617 2135 Plautum
640 2069 687 2133 sic
708 2077 858 2152 sequente
887 2080 923 2132 at
942 2068 1096 2150 particula
1117 2067 1148 2130 in
1171 2067 1218 2131 iu-

95 2178 237 2237 ramento
259 2170 388 2251 legitur3
421 2179 456 2236 ut
477 2172 573 2237 etitm
595 2171 627 2236 in
651 2170 787 2237 Terentii
810 2170 905 2235 Haut.
929 2189 956 2235 v.
974 2169 1051 2235 463:
1077 2166 1145 2233 <Sic
1167 2188 1216 2234 me

95 2273 127 2338 di
149 2275 308 2351 amabunt,
332 2280 367 2338 ut
389 2293 438 2338 me
462 2280 587 2339 tuarum
610 2273 829 2351 miseritumst,
857 2269 1047 2348 Menedcme‚
1077 2271 1216 2336 fortune-

94 2373 196 2452 rum';
219 2395 406 2460 quamquam
432 2377 617 2443 monendum
632 2384 681 2441 est
702 2376 733 2440 in
749 2376 844 2439 Haut.
860 2392 953 2438 versu
976 2374 1097 2437 codices
1120 2373 1213 2437 etiam

93 2478 139 2543 ita
167 2479 314 2545 exhibere
341 2480 401 2562 (sic
427 2500 474 2542 me
497 2482 539 2559 A,
569 2497 678 2544 manus
709 2477 846 2543 secunda
876 2494 972 2558 supra
1001 2477 1127 2556 scripsit
1154 2474 1213 2553 irc,

93 2581 138 2645 ita
160 2603 208 2644 me
230 2581 318 2665 DG).
355 2581 392 2647 ln
414 2581 509 2648 Poen.
531 2602 559 2647 v.
582 2581 629 2646 eie
650 2583 745 2647 habet
760 2579 879 2660 aliquid
897 2578 1115 2657 excusationis,
1139 2577 1213 2657 quia

93 2685 194 2752 oratio
216 2686 256 2752 ab
280 2687 379 2751 altero
402 2687 610 2751 continuatur.

546 2839 590 2901 st.
605 2837 673 2900 4⁷1.
688 2837 760 2899 4⁷2.

265 2971 365 3031 Cenem
386 2971 429 3030 illi
450 2972 523 3045 apud
544 2972 615 3040 tetii
627 2971 764 3042 Quoniam
783 2969 876 3029 salvos
897 2968 1037 3046 adveniet}

264 3067 399 3126 Locatast
417 3083 501 3140 opera
522 3084 597 3127 nunc
616 3066 744 3140 quidem:
764 3067 820 3124 tam
841 3063 970 3138 gratiosi.

90 3191 151 3258 Hic
166 3193 265 3259 habes
285 3194 449 3261 formulam
473 3195 652 3261 sollemnem
675 3192 832 3259 abnuendi
850 3189 929 3256 ‘tam
951 3189 1108 3273 gratiast',
1132 3211 1213 3273 quae

90 3296 205 3379 legitur
221 3298 314 3363 etium
334 3298 366 3362 in
390 3317 438 3362 vv.
460 3300 542 3364 Men.
560 3299 639 3364 387:
668 3299 795 3362 ‘Eamus
817 3293 911 3368 intro,
935 3298 970 3358 ut
991 3295 1214 3380 prandeamusi
1313 3335 1316 3341 ·

90 3395 176 3465 Bene
199 3418 308 3465 vocas:
340 3406 404 3465 tam
426 3401 572 3482 gratiast’
599 3404 678 3484 (tam
700 3398 794 3463 BOD
818 3407 920 3460 ramea
942 3396 967 3460 F
975 3396 1035 3477 Z),
1065 3396 1116 3462 Ps.
1134 3399 1211 3464 713:

86 3497 183 3576 ‘Quin
206 3507 250 3580 tu,
274 3504 356 3584 quod
373 3522 451 3586 opus
467 3512 524 3584 est,
548 3504 591 3569 mi
606 3506 757 3569 audacter
772 3499 928 3582 imperas?
941 3498 955 3582 ΙΙ
971 3500 1047 3564 Tam
1063 3504 1208 3584 gratiast'

92 3602 171 3684 (ram
185 3605 331 3689 praciam
351 3606 386 3670 B.
403 3626 462 3672 om.
480 3607 546 3672 rell.
571 3608 606 3671 In
630 3610 657 3671 A
680 3604 758 3669 nihil
773 3605 831 3668 nisi
846 3611 900 3665 rot
922 3603 1093 3687 apparuit),
1116 3603 1211 3672 More.

90 3705 168 3769 948:
191 3704 250 3773 ‘Ut
272 3708 420 3773 valuisti?
449 3709 533 3790 quid,
556 3714 703 3791 parentes
726 3708 786 3770 mei
809 3703 935 3769 valent?
965 3704 1041 3768 Tam
1063 3709 1211 3787 gratiast:

89 3809 293 3888 hereredes,
318 3810 450 3893 benigne
474 3813 562 3877 dicis'
590 3819 648 3878 etc.
673 3812 724 3893 (ex
746 3808 924 3874 coniectura
946 3805 1146 3894 Ritscheliii).

175 3912 236 3976 Alii
266 3912 326 3976 alio
356 3914 447 3979 modo
478 3924 542 3978 tam
571 3917 655 3997 quod
681 3918 740 3984 hac
769 3921 801 3984 in
830 3909 963 3984 formula
984 3909 1102 3993 legitur
1122 3919 1211 3985 intel-

88 4007 241 4080 lexerunt.
287 4011 338 4080 Sic
360 4016 550 4084 Ribbeckius
578 4021 661 4103 (Lat
685 4021 798 4088 Partie.
821 4044 851 4106 p.
868 4026 922 4109 28)
952 4047 1044 4093 versu
1074 4025 1211 4093 111οΗ0-

88 4115 213 4181 ratiano
230 4120 283 4200 qui
299 4119 330 4182 in
346 4121 435 4201 epist.
451 4119 476 4200 Ι,
494 4124 522 4201 7,
541 4124 580 4188 18
596 4126 724 4206 legitur:
743 4125 898 4209 ‘Benigne
914 4177 922 4193 .
939 4177 946 4192 .
964 4178 971 4193 .
989 4178 996 4193 .
1014 4139 1076 4194 tarn
1101 4138 1210 4196 teneor
