2888 4770
659 347 776 444 25-

201 549 277 626 Hec,
295 550 374 614 397:
410 550 487 617 Volo
517 552 619 633 doque
646 571 773 635 operam
802 559 839 617 nt
867 551 946 619 5155
975 553 1098 619 eveniat
1127 559 1237 634 partus

115 659 239 735 patrem
262 659 356 736 atque
379 656 457 718 adeo
480 672 587 719 omnes
610 657 643 739 (i.
660 676 686 720 e.
710 660 805 735 atque
828 662 863 720 nt
886 657 964 720 adeo
987 674 1038 720 ros
1061 657 1178 735 redeat,
1203 661 1238 719 ut

114 773 223 820 55555
249 756 328 822 5155
358 758 504 840 eveniat).
548 759 623 823 Hec.
645 759 707 822 451
718 779 724 819 :
754 756 840 824 Bene
868 757 986 823 factum
1016 764 1048 822 te
1075 760 1238 824 advenisse

114 864 210 940 atque
241 857 337 939 adeo,
355 860 400 924 wid
429 861 512 942 quod
543 867 769 939 maxumnmst,
798 860 927 926 salvum.
972 859 1063 926 Trnc.
1083 861 1123 940 ΙΙ,
1147 866 1176 940 4,
1203 861 1237 924 6:

117 959 204 1037 Vah,
229 960 392 1042 vapulabo,
419 997 460 1008 -
487 969 582 1042 atque
608 964 686 1027 adeo
714 962 804 1028 5515.
849 962 939 1028 Cure.
957 963 1034 1029 333:
1065 961 1239 1044 Respondit

115 1061 189 1127 mihi
213 1061 320 1142 paucis
342 1063 447 1129 verbis
471 1072 566 1147 atque
588 1065 666 1130 adeo
689 1064 833 1130 fideliter.
869 1065 935 1130 Mil.
954 1066 1030 1129 164:
1057 1064 1237 1144 Disperistis

114 1165 145 1229 ni
162 1183 262 1246 usquc
285 1165 325 1229 ad
348 1172 480 1232 mortem
500 1168 581 1232 male
598 1166 795 1232 muleassitis.
830 1170 933 1247 Atque
949 1168 1036 1244 adeo,
1060 1176 1095 1229 ut
1117 1184 1156 1230 ne
1178 1163 1238 1244 legi

114 1267 256 1332 fraudem
279 1267 404 1356 iaciant
418 1270 567 1348 aleariae,
597 1272 797 1348 adcuratote,
828 1278 863 1335 ut
886 1272 952 1335 sine
975 1270 1046 1333 talis
1069 1267 1153 1333 domi
1175 1264 1239 1348 agi·

77 1416 80 1423 .
114 1375 183 1435 tent
212 1371 395 1436 convivium.
434 1369 631 1450 (155.11,6,
658 1375 707 1436 15.
744 1373 865 1451 Attius,
896 1372 933 1436 fr.
962 1377 1001 1436 tr.
1024 1372 1094 1434 161.
1132 1370 1237 1434 Afran.

113 1469 152 1535 fr.
176 1474 291 1538 5155.

200 1576 236 1640 15
260 1574 330 1641 (155.
348 1597 440 1642 versu
457 1577 511 1656 IV,
528 1579 557 1658 3,
574 1580 604 1657 1,
628 1581 681 1645 ubi
705 1579 857 1646 editiones
881 1579 1084 1646 exhibebant:
1113 1572 1238 1640 ‘Esurio

114 1675 217 1742 hercle
236 1684 330 1760 atque
354 1679 433 1745 adeo
455 1680 539 1746 haud
556 1680 655 1760 sitio',
680 1683 869 1747 Ritscheiius
893 1684 955 1764 (op.
972 1681 1047 1764 phil.
1064 1680 1093 1744 11
1116 1698 1145 1760 p.
1164 1677 1238 1759 181)

112 1776 146 1844 15
169 1779 284 1846 litteris
306 1801 387 1863 quae
409 1783 440 1845 iu
464 1782 571 1848 codice
594 1785 622 1845 A
644 1795 787 1850 servatae
804 1794 877 1850 suut
892 1787 990 1850 latere
1006 1783 1113 1850 docuit
1133 1780 1239 1846 lectio·

114 1902 202 1950 nem:
220 1880 338 1949 <esurio
361 1884 465 1950 hercle
489 1892 585 1967 atque
608 1888 686 1951 adeo
709 1887 794 1952 haud
817 1885 971 1967 saturio'3
1000 1903 1062 1965 qua
1083 1883 1239 1950 sententia

113 1993 187 2068 apte
209 1987 437 2053 conformatur:
463 1984 611 2053 ‘surwahr
634 1990 715 2054 mich
738 1989 888 2070 hungeri,
913 1990 948 2071 ja
973 1989 1022 2054 ich
1050 1988 1130 2052 habe
1153 1984 1257 2051 nicht.

113 2089 227 2155 eiumal
242 2089 322 2155 Lust
344 2095 408 2155 satt
429 2111 469 2156 zu
493 2088 585 2170 sein’,
610 2110 679 2156 555
702 2091 807 2158 151115
827 2093 1041 2174 gradationem
1064 2091 1094 2153 in
1118 2087 1238 2152 verbis:

109 2184 217 2274 ‘atque
239 2194 317 2258 adeo
340 2193 425 2258 haud
448 2192 536 2258 sitio'
561 2194 665 2260 inesse
689 2196 772 2260 nullo
796 2196 887 2261 modo
910 2200 1070 2278 appareat.

199 2292 331 2373 Saepius
361 2292 583 2359 vocabulorum
614 2305 707 2380 atque
735 2292 813 2359 odeo
843 2316 923 2378 quae
950 2299 991 2361 sit
1018 2298 1064 2359 vis
1087 2295 1170 2359 haud
1193 2292 1240 2356 115

113 2394 311 2460 5551155155
336 2400 393 2460 551.
432 2396 562 2479 Semper
577 2409 682 2463 autem
700 2399 867 2463 tenendum
884 2418 952 2463 5555
974 2405 1050 2479 puto
1074 2398 1239 2461 coniuncta

116 2517 153 2564 55
175 2516 209 2564 re
232 2518 307 2564 vera
329 2504 440 2565 notare
462 2502 669 2566 accessionem
693 2520 729 2565 ac
751 2502 976 2582 gradationem.

199 2599 265 2665 Mil.
284 2602 380 2667 1088:
405 2598 633 2684 ς5155555155,
658 2602 776 2667 audin?
804 2603 899 2669 dicito
924 2605 1014 2670 docte
1035 2612 1066 2669 et
1086 2600 1238 2668 cordate'.

112 2703 288 2770 Palaestrio
310 2704 388 2769 haec
411 2706 499 2783 dicit,
530 2716 695 2787 postquam
719 2705 947 2787 Milphidippae
970 2708 1120 2770 mandata
1143 2706 1238 2770 dedit.
1339 2698 1341 2702 ’

114 2804 185 2873 Non
208 2806 405 2890 simpliciter,
434 2809 548 2890 inquit,
578 2826 615 2872 ea
638 2807 768 2888 efficito,
797 2810 970 2874 sedetiam
999 2810 1088 2876 docte
1119 2812 1152 2873 51
1173 2826 1235 2873 cor·
1348 2902 1351 2907 .

113 2911 187 2975 date
211 2911 316 2976 dicito.

200 3013 250 3077 Ρ5.
272 3013 350 3076 291:
380 3009 481 3094 ‘Egon
511 3015 596 3096 patri
625 3016 799 3096 subrupere
827 3015 943 3097 possim
973 3017 1145 3097 quidquam
1175 3021 1240 3078 tam

113 3122 207 3181 55515
229 3114 320 3180 seni?
342 3122 438 3196 atque
460 3119 538 3182 adeo
562 3117 590 3181 si
612 3118 716 3182 facere
738 3119 855 3199 possim
871 3117 973 3198 pietas
989 3115 1159 3197 prohibet,
1182 3117 1241 3182 hoc

113 3224 177 3284 est:
208 3219 369 3299 subripere
393 3219 471 3283 nihil
492 3238 636 3300 possum,
668 3239 739 3287 cum
762 3228 852 3302 pater
874 3227 987 3284 555155
1010 3223 1068 3301 sit,
1090 3220 1240 3300 imprimis

112 3327 228 3399 55155,
253 3321 374 3386 5115551
396 3339 530 3400 possem,
553 3323 654 3404 pietas
683 3341 732 3387 me
754 3320 935 3401 prohiberet
958 3323 988 3385 id
1012 3318 1142 3387 facere'.

200 3425 283 3489 Μ55.
303 3423 379 3486 122:
407 3417 532 3488 ‘Virum
562 3426 730 3489 observare
753 3425 885 3489 desines.
909 3428 1005 3504 atque
1028 3425 1107 3490 adeo
1130 3443 1168 3489 ne
1191 3443 1240 3489 me

112 3528 304 3609 nequiquam
325 3543 441 3607 serves,
465 3529 505 3593 ob
528 3546 595 3592 eam
618 3527 804 3593 industriam
827 3527 920 3592 hodie
943 3527 1053 3593 ducam
1077 3524 1239 3592 scortum'.

112 3627 336 3694 Menaechmus
366 3629 524 3696 dominum
555 3650 588 3697 se
618 3650 686 3696 5555
717 3632 793 3696 (11511
821 3648 922 3710 neque
952 3629 1058 3695 uxoris
1088 3630 1241 3694 interesse

111 3730 189 3810 quid
211 3731 279 3812 ipse
301 3731 405 3797 155151.
452 3735 556 3816 Atque
586 3753 620 3798 55
643 3733 745 3800 tacere
767 3751 860 3814 posse
887 3732 970 3815 qnod
993 3731 1052 3798 sibi
1075 3731 1182 3797 lubeat
1204 3750 1240 3797 eo

110 3833 182 3916 ipso
205 3834 340 3915 probare
363 3834 439 3913 vult,
463 3835 547 3917 quod
570 3842 709 3901 scortum
733 3854 767 3900 se
790 3835 957 3900 ducturum
980 3835 1151 3917 praedicat.

199 3935 281 4000 Eun.
298 3936 377 4004 964:
394 3934 505 4004 ‘Edico
529 3938 617 4004 vobis
646 3944 789 4004 nostrum
811 3955 880 4002 esse
903 3936 990 4002 iilum
1013 3937 1120 4001 erilem
1142 3934 1241 4002 filium

110 4056 318 4119 —nequam
341 4039 373 4105 in
396 4040 483 4106 illum
498 4041 593 4108 Thais
616 4042 678 4106 vim
700 4040 769 4106 fieri
792 4038 889 4105 sinati
918 4040 1021 4122 Atque
1042 4041 1121 4105 adeo
1136 4043 1241 4105 autem

111 4160 170 4205 cur
196 4161 256 4206 nou
288 4152 412 4222 egomet
437 4144 520 4208 intro
543 4141 609 4209 eo’.
654 4143 785 4226 Pythiae
814 4142 967 4206 Parmeno
996 4141 1072 4209 haec
1103 4139 1179 4206 dicit
1207 4149 1241 4207 ut
