2888 4770
699 300 740 364 57

158 503 208 568 ais
230 503 292 569 tu?
335 503 427 570 Itane
449 505 507 571 tibi
530 522 589 586 ego
611 503 720 570 videor
742 502 994 570 Acherunticus?
1016 509 1080 568 tarn
1103 502 1287 586 capularis?

158 609 265 671 tamne
288 605 346 672 tihi
368 606 422 670 diu
445 605 553 672 videor
576 606 671 671 vitam
696 604 856 682 vivere?*)

244 704 399 789 Equidem
415 707 605 790 persuadere
622 707 697 772 mihi
713 727 774 772 non
787 724 913 788 possum
926 707 957 770 in
972 705 1037 770 Mil.
1050 706 1104 771 illo
1117 725 1208 771 versu
1222 706 1284 769 627

158 809 207 873 ita
230 827 319 873 suam
342 810 401 875 sibi
418 809 485 875 77771
513 809 680 875 vindicare.
726 808 894 875 Pleusicles
922 827 991 873 cnm
1014 826 1107 888 aegre
1138 826 1172 873 se
1202 807 1285 873 ferra

158 911 273 976 dixerit
288 913 372 993 quod
392 912 517 993 hospiti,
541 913 595 994 qui
618 913 685 993 ipso
709 913 752 976 sit
773 917 877 976 aetate
900 912 1052 991 superior,
1077 916 1198 975 tantum
1221 929 1287 976 mo·

157 1011 321 1079 lestiarum
343 1013 465 1093 afferat,
487 1013 759 1096 Periplecomenus
782 1014 915 1079 miratus
937 1015 1127 1094 interrogat,
1155 1031 1228 1078 7171711
1252 1032 1286 1078 77

157 1117 220 1183 iam
251 1121 408 1183 mortuum
433 1116 713 1200 (Acherunticnsi)
741 1123 797 1183 aut
817 1123 881 1181 tam
911 1116 1089 1196 capularem
1117 1120 1208 1197 putet
1236 1120 1287 1191 (ut

158 1237 220 1283 non
254 1217 318 1283 iam
352 1220 511 1286 amoribus
546 1219 719 1286 delectetur
753 1227 808 1285 aut
843 1225 932 1284 curet
966 1216 1043 1298 quid
1076 1215 1129 1282 alii
1163 1218 1285 1298 agant).

158 1321 252 1384 Itone
273 1322 332 1387 hoc
354 1322 387 1387 in
411 1322 478 1388 loco
502 1340 607 1387 merae
630 1322 781 1388 formulae
804 1322 870 1388 vice
896 1320 1039 1400 fungitur
1066 1338 1165 1401 aeque
1191 1324 1287 1400 atque

162 1424 194 1488 in
211 1424 295 1489 Trin.
312 1443 340 1488 v.
354 1424 434 1490 642:
452 1420 538 1488 ‘Itan
555 1424 731 1506 tandem**)
755 1421 835 1488 hanc
858 1423 992 1488 maiores
1014 1422 1127 1486 lamam
1150 1420 1287 1486 tradide-

161 1531 235 1590 runt
257 1526 314 1591 tibi
337 1525 400 1604 tui,
428 1533 464 1591 ut
486 1525 604 1590 virtute
626 1543 734 1590 eorum
757 1530 921 1606 anteperta
951 1543 1009 1606 per
1034 1522 1187 1604 flagitium
1218 1541 1285 1602 per·

161 1627 287 1695 deres'?
320 1625 403 1692 Nam
427 1628 510 1710 quod
529 1625 654 1692 Brixius
677 1627 809 1692 adnotat
831 1626 879 1689 ita
902 1624 951 1691 hic
974 1624 1149 1706 significare
1173 1625 1206 1686 777
1229 1621 1286 1685 der

159 1728 309 1803 Adcioht,
339 1727 454 1793 doram
482 1729 569 1812 (dass
599 1730 642 1794 du
671 1728 903 1809 durchhringen
926 1727 1078 1810 solltest),
1109 1726 1193 1792 nullo
1225 1726 1286 1790 alio

159 1832 225 1897 loco
260 1833 455 1913 comprobari
489 1836 593 1911 potest
621 1831 700 1895 hanc
728 1832 760 1894 in
790 1828 944 1912 particula
978 1831 1080 1894 inesse
1117 1830 1282 1894 notionem,

160 1935 250 2001 Locis
266 1952 345 2014 quos
361 1935 540 2015 Langenius
563 1934 680 2013 attulit,
706 1934 758 1998 ubi
780 1934 864 1996 itane
887 1934 969 2012 apud
992 1931 1138 1995 Plautum
1161 1931 1285 2011 legitur,

163 2037 219 2100 hos
235 2036 334 2102 addo:
363 2037 456 2102 Poen.
472 2035 528 2115 Ill,
546 2036 575 2114 3,
591 2036 643 2099 47.
668 2037 726 2111 lll,
744 2038 771 2109 l,
788 2037 837 2099 54.
867 2034 932 2099 Mil.
949 2034 1028 2098 844:
1050 2032 1152 2098 <itane
1174 2031 1286 2097 vero‘?

164 2138 277 2204 Bacch.
294 2138 367 2201 477.

637 2291 712 2352 Hec.
728 2291 801 2352 613:

161 2421 211 2478 La.
228 2419 300 2491 Quid
316 2420 368 2493 vis,
382 2418 550 2493 Pamphile?
582 2422 630 2479 Pa.
649 2422 724 2481 Hinc
738 2420 817 2480 ahira
831 2420 968 2480 7177777117
989 2420 1110 2479 minime.
1142 2419 1191 2476 La.
1212 2416 1284 2487 Quid

924 2515 965 2573 ita
985 2515 1058 2573 istuc
1079 2513 1131 2571 vis.

160 2642 251 2720 Quod
284 2641 312 2706 si
345 2642 447 2724 locor,
486 2643 600 2724 quihus
635 2642 712 2727 quid
747 2644 792 2706 1771
826 2644 996 2722 invenitur,
1036 2642 1286 2724 perlustraveris,

160 2744 281 2810 videbis
303 2764 456 2827 nusquam
480 2747 608 2811 verbum
631 2748 680 2811 vel
703 2747 917 2827 praedicatum
941 2745 1082 2810 additum
1113 2744 1190 2825 legi3
1224 2762 1286 2828 qua

161 2847 249 2912 rein
273 2865 340 2911 eam
363 2847 477 2913 inclino
507 2850 693 2913 sententiam
721 2849 753 2913 in
784 2849 842 2914 hoc
871 2867 963 2930 quem
992 2847 1085 2911 laudo
1116 2865 1208 2911 versu
1237 2847 1286 2908 via

161 2950 289 3015 verbum
312 2950 478 3016 delendum
502 2969 588 3030 esse,
618 2952 803 3033 praesertim
826 2970 896 3015 cum
926 2949 1097 3014 sententia:
1123 2947 1214 3032 ‘quid
1242 2949 1286 3012 ita

160 3051 242 3116 istuc
276 3050 339 3116 vis’
370 3053 415 3117 eis
448 3071 529 3134 quae
562 3054 754 3132 praecedunt
786 3071 848 3117 non
883 3053 960 3116 satis
998 3050 1200 3131 respondeam
1235 3069 1284 3114 ex·

161 3160 355 3234 spectamus:
381 3152 470 3237 ‘quid
493 3156 538 3220 ita
568 3154 650 3219 istuc
677 3174 737 3219 non
766 3152 851 3218 vis'?
885 3153 954 3218 Huc
983 3151 1106 3217 accedit
1134 3151 1286 3233 quodvis

160 3258 192 3321 771
216 3257 322 3322 codice
343 3255 513 3336 Bembina,
542 3257 622 3322 lihro
643 3256 697 3322 illo
728 3255 958 3335 vetustissimo,
990 3255 1087 3319 deest.
1132 3254 1286 3333 Equidem

161 3377 287 3423 versum
312 3358 356 3424 sic
379 3359 588 3425 restituentur:

163 3493 239 3564 Quid
259 3493 317 3566 177,
338 3493 495 3566 Pamphile.
513 3494 525 3564 ΙΙ
543 3494 617 3552 Η7717
638 3494 716 3553 abire
736 3493 874 3553 7177777117
898 3493 1132 3567 71177177117117711777
1152 3491 1194 3550 ita
1214 3492 1287 3551 istuc

897 3587 946 3659 (ci.
968 3587 1133 3660 Η7117.94);

234 3749 257 3815 *)
274 3747 306 3801 In
324 3747 403 3802 Truc.
422 3764 447 3804 7.
460 3748 497 3812 71,
514 3752 539 3816 2,
552 3751 598 3804 37:
626 3747 720 3802 erubui
737 3753 870 3801 mecastor
887 3747 984 3800 11177777
1011 3753 1124 3815 propter
1144 3747 1287 3802 clamorem

162 3833 522 3902 77717771771177771717777777
544 3834 627 3888 verba
648 3832 743 3888 ‘itane’
763 3841 791 3886 et
811 3829 965 3886 ‘erubuisti'
989 3840 1053 3886 nota
1070 3831 1287 3900 interrogationis

163 3915 301 3986 disiungit.
320 3919 354 3974 cf.
367 3918 522 3974 77717566,
536 3922 594 3975 918.
612 3918 661 3972 Ρ71.
673 3921 732 3974 932.

235 4005 270 4072 ¹¹)
289 4004 365 4055 1777177
383 4006 484 4056 tandem
503 4003 630 4072 leguntur
648 4004 728 4058 etiarn
746 4004 773 4056 iu
786 4019 826 4056 vr.
841 4001 886 4054 Ph.
901 4006 959 4056 231.
978 4006 1035 4058 413.
1054 4004 1112 4060 527.
1132 4001 1213 4055 Haut.
1227 4004 1285 4057 954.
