2888 4770
160 543 230 608 Huc
251 543 410 624 pertinent
432 542 526 608 etiam
549 541 702 609 formulae
724 546 879 629 quaedam
901 543 1092 625 castigandi,
1116 544 1147 609 in
1170 542 1286 627 quibus

160 644 207 707 nic
229 644 417 726 peculiarem
441 646 546 710 sedem
571 646 708 724 obtinet,
737 647 824 711 velut
846 646 962 712 locutio
985 646 1029 710 aio
1052 643 1149 709 dator
1172 645 1224 730 (cf.
1248 647 1288 710 si·

160 747 263 811 milem
276 747 422 827 loquendi
433 747 615 814 formulam:
633 769 669 811 eu
681 748 750 812 tibi.
780 747 845 813 Mil.
860 749 952 814 1405.
976 747 1068 816 Gurc.
1083 750 1142 814 195
1159 749 1286 832 (Flech:

160 849 230 914 hem
247 849 328 933 tibi).
352 850 413 915 625
431 850 507 932 (m.:
525 850 596 917 hem
612 851 659 934 6.).
685 851 772 917 Asin.
784 851 857 916 431.
882 852 933 934 (ct
948 853 1075 933 Ussing,
1098 851 1186 917 Asin.
1199 852 1286 936 425),

160 971 223 1034 qua
244 953 271 1017 is
295 953 395 1017 utitur
417 953 472 1035 qui
495 951 534 1020 de
563 954 663 1049 altero
693 973 810 1036 poenas
839 953 935 1021 sumit
961 962 1017 1020 aut
1047 961 1187 1036 sumptas
1218 974 1287 1021 esse

159 1056 278 1136 gaudet
300 1062 355 1121 aut
377 1056 461 1138 quod
484 1056 566 1122 male
589 1057 628 1122 de
651 1076 686 1123 se
707 1062 812 1123 actum
836 1059 877 1123 sit
899 1059 1052 1138 queritur.

224 1156 275 1223 Ps.
295 1159 370 1222 154:
401 1158 483 1236 Quid
507 1161 613 1225 nunc?
635 1159 784 1225 doletne?
807 1160 878 1225 hem
899 1162 943 1225 sic
960 1161 1061 1240 datur,
1084 1161 1183 1246 siquis
1199 1179 1286 1227 erum

96 1324 100 1329 .
225 1279 332 1326 servos
355 1262 486 1342 spernit.
527 1263 622 1345 Turp.
646 1261 683 1327 ir.
707 1282 733 1329 c.
747 1264 797 1330 69.
821 1262 867 1329 st.
883 1264 964 1328 766:
995 1265 1095 1344 Euge,
1118 1282 1211 1344 euge:
1242 1263 1287 1330 sic

224 1364 285 1428 furi
308 1364 412 1429 datur.
457 1363 540 1430 Men.
557 1366 629 1429 626.
654 1366 727 1431 627.
751 1367 844 1432 True.
861 1367 900 1444 Π,
925 1366 955 1446 8,
977 1367 1007 1429 4.
1032 1367 1069 1446 V,
1091 1368 1112 1430 4
1136 1365 1187 1449 (i).

161 1465 276 1531 Similis
299 1473 348 1532 est
370 1467 509 1542 condicio
531 1467 736 1533 formularum
754 1464 820 1532 ‘aio
844 1467 950 1548 dabo’,
968 1466 1032 1532 ‘sic
1055 1466 1195 1533 dedero':

223 1570 279 1634 Ph.
298 1570 449 1652 1026qu
478 1570 636 1650 Exequias
652 1568 810 1636 Chremeti
824 1572 938 1654 quibus
955 1578 1003 1637 est
1018 1573 1212 1637 commodum
1227 1572 1284 1650 ire,

223 1692 271 1738 em
294 1679 418 1756 tempus
441 1678 498 1739 est.
543 1673 594 1739 Sic
615 1675 697 1740 dabo
726 1675 781 1757 (sc.
806 1675 919 1757 cuique
947 1675 1151 1757 adversario).
1197 1675 1283 1738 Asin.

223 1776 295 1840 439.
321 1775 415 1841 Poen.
433 1765 470 1855 V,
487 1778 516 1850 5,
532 1779 561 1839 7.
586 1776 624 1844 of.
641 1778 728 1844 Asin.
744 1797 773 1843 v.
784 1777 862 1841 439:
887 1776 939 1844 Sic
953 1778 1081 1843 dedero:
1102 1777 1190 1860 prius
1204 1794 1286 1857 quae

223 1878 352 1958 credidi,
375 1879 426 1942 vix
448 1897 528 1945 annu
551 1885 623 1960 post
646 1879 745 1962 exegi.

144 1978 207 2044 .Ad
233 1999 270 2046 ea
293 1997 373 2060 quae
397 1985 533 2061 aguntur
556 1981 753 2047 referendum
777 1989 825 2048 est
846 1982 891 2046 aie
913 1982 1008 2048 etiam
1031 1984 1061 2046 in
1084 1982 1217 2048 formula
1240 1983 1284 2047 in·

159 2083 338 2163 terrogandi
360 2082 467 2145 sicine.
515 2085 619 2164 Atque
642 2104 711 2149 cum
744 2085 829 2147 itone
858 2084 935 2150 nihil
962 2083 1118 2167 significet
1147 2085 1208 2150 nisi
1230 2087 1285 2149 ad-

158 2186 355 2251 mirationem
379 2184 447 2251 eius
470 2188 539 2267 qui,
568 2205 641 2250 uum
665 2185 697 2250 id
721 2187 844 2266 dequo
868 2186 973 2267 agitur
996 2207 1030 2252 re
1052 2206 1125 2252 vera
1147 2188 1191 2252 ita
1215 2206 1284 2252 sese

161 2286 276 2352 habeat
299 2294 335 2352 ut
357 2288 474 2353 dictum
498 2289 548 2367 sit,
573 2289 744 2368 comperire
767 2288 883 2365 studet,
907 2296 939 2353 et
962 2289 1133 2353 narrationi
1157 2288 1214 2354 soli
1237 2289 1284 2353 in·

159 2392 275 2456 serviat
298 2391 382 2473 (vide
404 2391 444 2456 ad
468 2389 544 2455 Hec.
563 2411 608 2454 vv.
628 2391 820 2473 149-152),
844 2390 941 2453 sicine
964 2410 1116 2457 summam
1140 2393 1207 2458 eius
1223 2393 1284 2475 'qui

157 2495 296 2576 loquitur
319 2497 437 2561 indicat
458 2495 703 2576 indignationem
726 2502 759 2560 et
781 2495 819 2559 iis
842 2512 924 2575 quae
944 2501 1081 2578 aguntur
1095 2494 1282 2560 illustratur.

149 2649 152 2655 .
223 2599 304 2665 Eun.
319 2598 397 2664 803:
427 2598 607 2664 Diminuam
631 2618 690 2679 ego
713 2598 771 2663 tibi
794 2605 889 2680 caput
911 2598 1013 2678 hodie,
1036 2599 1093 2662 nisi
1108 2599 1177 2664 abis
1190 2598 1204 2680 ΙΙ
1222 2599 1282 2662 Ain

222 2720 306 2778 vero,
322 2701 432 2768 cenis?
454 2703 550 2768 sicine
565 2699 655 2782 agis?
685 2702 765 2766 Eun.
783 2701 833 2766 99.
858 2701 916 2766 Ad.
933 2700 1004 2764 128.
1028 2698 1106 2765 Gist.
1118 2699 1159 2779 Il,
1176 2700 1206 2780 3,
1222 2699 1281 2766 38:

223 2802 328 2871 Sicine
350 2805 418 2887 agis
440 2806 564 2886 nugas?

161 2908 282 2986 Quibus
309 2907 386 2973 locis
418 2907 569 2988 respectis
598 2907 630 2971 in
658 2905 856 2972 Phormionis
885 2926 914 2972 v.
936 2906 1016 2986 985,
1044 2908 1099 2974 ubi
1128 2906 1282 2973 editiones

158 3010 326 3093 praebent:
361 3003 426 3074 ‘cic
456 3008 591 3095 opiriet'
628 3009 725 3072 sicine
760 3008 958 3075 scribendum
998 3029 1156 3093 propono,
1192 3009 1282 3076 cuius

159 3115 284 3198 quidem
306 3114 440 3195 vestigia
462 3114 494 3178 in
522 3113 654 3179 lectione
681 3113 783 3187 itane,
812 3130 906 3193 quam
934 3131 1041 3178 omnes
1070 3112 1191 3179 codices
1219 3130 1282 3175 uno

158 3222 287 3299 excepto
309 3218 337 3280 A
360 3217 521 3295 exhibent,
544 3215 643 3279 latere
664 3211 851 3294 putaverim.
896 3210 933 3276 ln
956 3231 985 3277 v.
1001 3213 1062 3277 955
1086 3231 1155 3278 cum
1178 3211 1283 3278 Demi·

148 3321 219 3403 ¹pho
247 3321 375 3386 dixerit:
406 3317 536 3385 ‘Hicine
565 3315 755 3402 (Phormiol)
785 3321 821 3381 ut
843 3335 862 3381 a
884 3315 1053 3381 nobishoc
1081 3319 1204 3380 tantum
1233 3334 1282 3380 ar-

157 3423 243 3504 genti
265 3421 389 3488 aulerat
411 3429 475 3487 tam
498 3424 606 3502 aperte
628 3414 804 3483 inridensl'
829 3423 861 3482 et
875 3415 1022 3483 Phormio
1045 3417 1180 3482 senserit
1195 3417 1281 3482 illum

159 3544 192 3590 se
208 3526 339 3608 pecunia
355 3524 588 3591 circumducere
604 3521 696 3587 velle:
720 3515 827 3586 ‘Itane
842 3519 937 3602 agitis
952 3517 1110 3585 mecuml'
1136 3520 1177 3604 (v.
1194 3520 1281 3603 968),

160 3629 270 3709 inquit.
315 3628 377 3694 Sed
401 3646 470 3694 cum
493 3625 647 3707 Demipho
670 3623 830 3689 seirius
853 3641 923 3688 cum
946 3620 1133 3688 Phormione
1162 3621 1280 3687 iturum

112 3715 116 3721 ⁴
158 3733 366 3798 declaraverit
387 3736 419 3797 56
434 3729 583 3796 Chremes
606 3729 667 3793 iam
690 3727 750 3807 ipsi
764 3726 826 3791 vim
842 3731 873 3792 et
888 3744 999 3790 manus
1013 3724 1164 3804 intulerit,
1187 3723 1281 3790 Phor-

158 3836 219 3899 mio
242 3835 495 3917 indignabundus
515 3829 656 3898 ¹sicine
679 3827 787 3912 agitis'
817 3828 979 3894 exclamat.
1026 3829 1092 3907 Quo
1121 3829 1189 3894 loco
1211 3847 1281 3910 per·

148 3939 322 4020 beneque
345 3938 436 4003 modo
459 3938 545 4000 itane
568 3940 599 4001 56
621 3934 720 3997 sicine
741 3932 933 4008 locutionum
962 3948 1037 3996 usus
1065 3929 1190 3996 differat
1212 3931 1281 3996 illu·

158 4045 286 4105 stratur.
331 4040 425 4105 Addo
448 4039 585 4122 rehquos
608 4055 726 4116 versus,
750 4034 919 4119 inquibus
942 4033 1041 4097 sicine
1063 4034 1193 4115 legitur:

222 4141 317 4208 Poen.
334 4143 392 4223 lll,
417 4145 444 4220 l,
469 4143 504 4208 9:
535 4140 639 4206 Sicine
662 4145 786 4223 oportet
808 4139 854 4202 ire
876 4135 993 4202 amicos
1015 4137 1132 4201 homini
1162 4140 1280 4204 amanti
