2888 4770
671 356 711 418 27

589 443 791 453 —-—-—..

129 560 204 620 hlen.
226 559 296 636 prol.
312 561 419 620 u-m:

273 671 366 745 Atque
386 672 439 731 hoc
459 673 559 745 poetae
580 670 689 730 faciunt
709 671 738 730 in
759 671 923 731 comoediis:
1166 689 1192 729 r.
1227 671 1253 730 l.

270 765 369 824 Omnis
389 781 435 824 res
455 767 551 838 gestae
572 780 634 823 esse
656 764 778 823 Athenis
800 766 955 836 autumant,
1167 782 1192 823 v.
1227 771 1253 824 8.

269 857 329 928 Quo
350 858 432 918 vobis
452 857 518 917 illut
537 874 669 931 graecum
691 858 818 918 videatur
838 858 938 932 magis.
1163 876 1188 917 v.
1224 864 1250 916 9.

268 951 329 1024 Ego
350 969 487 1024 nusquam
509 951 609 1023 dicam,
631 951 687 1009 nisi
709 951 758 1009 ubi
779 951 885 1010 facturn
907 953 1017 1012 dicitur.
1165 960 1254 1011 v.10.

270 1047 363 1119 Atque
385 1047 454 1104 adeo
475 1045 527 1104 hoc
548 1049 743 1118 argumentum
765 1044 936 1119 graecissat:
959 1048 1054 1105 tamen
1168 1053 1254 1103 v.11.

270 1138 333 1197 Non
355 1138 512 1198 atticissat:
537 1155 633 1197 verum
655 1139 796 1197 sicelisset
817 1139 947 1214 [tamen].
1167 1145 1253 1197 v.12.

212 1266 304 1331 Hunc
327 1284 474 1331 versuum
497 1266 636 1332 ordinem
660 1275 766 1332 omnes
789 1268 927 1349 produnt
948 1269 1018 1333 libri
1041 1266 1253 1348 manuscripti.

127 1367 317 1434 Ritschelius
347 1375 453 1434 autem
484 1388 592 1434 versus
624 1370 668 1433 ita
696 1369 908 1451 transposuit,
940 1390 960 1435 u
1002 1389 1112 1437 versus
1141 1372 1189 1433 ll.
1215 1368 1253 1430 12

126 1476 201 1536 ante
223 1489 332 1536 versus
356 1472 461 1534 7-10
483 1471 659 1538 collocaret.
704 1472 793 1550 Quod
823 1475 947 1553 quidem
970 1473 1044 1539 ferri
1068 1494 1128 1539 non
1151 1478 1255 1554 potest

127 1572 211 1654 quia,
235 1575 262 1638 si
285 1574 343 1638 hac
365 1593 513 1640 versuum
536 1575 738 1641 collocatione
762 1575 890 1655 utimur,
914 1577 944 1640 id
968 1578 1050 1658 quod
1074 1576 1177 1641 verbis
1194 1571 1255 1638 ‘at-

130 1693 191 1757 que
213 1676 292 1742 adeo
309 1671 379 1741 etc’
407 1678 524 1742 dicitur
539 1696 600 1742 non
617 1678 764 1743 cohaeret
779 1698 848 1742 cnm
865 1679 969 1743 verbis
984 1678 1253 1760 praecedentibus,

128 1780 175 1844 ita
197 1784 233 1844 nt
255 1777 304 1842 lex
326 1777 380 1843 illa
403 1785 577 1859 evertatur,
607 1800 623 1844 e
647 1798 709 1860 qna
739 1781 902 1845 enuntiate
929 1781 1033 1846 omnia
1061 1790 1153 1865 arque
1176 1775 1254 1841 adeo

130 1881 291 1947 vocabulis
314 1881 447 1946 formata
470 1882 645 1962 postulant,
676 1890 713 1947 ut
735 1880 879 1974 vidimus,
909 1891 945 1948 ut
966 1883 1065 1948 altera
1087 1881 1256 1964 praecedat

128 1981 294 2062 sententia,
319 1984 370 2049 cni
392 1987 493 2051 maius
516 1986 564 2050 vel
588 1987 714 2066 gravius
731 1984 849 2065 aliquid
866 1987 1010 2051 addatur.
1048 1986 1117 2064 Qua
1140 2004 1173 2048 re
1189 1981 1255 2047 Rit-

128 2085 280 2149 schelium
304 2103 426 2151 errasse
455 2092 531 2167 puto
560 2105 629 2151 cum
653 2107 763 2153 versus
787 2089 830 2154 sic
853 2093 1081 2170 transponeret.
1127 2084 1255 2155 Accedit

129 2192 164 2253 ut
187 2206 333 2252 versuum
355 2189 465 2254 ordine
488 2208 524 2254 eo
545 2190 645 2272 quiin
662 2190 750 2256 libris
773 2190 931 2255 invenitur
954 2198 1078 2255 servato
1101 2187 1255 2254 sententia

129 2287 284 2354 efficiatur
313 2288 486 2371 aptissima.
530 2289 563 2354 Is
591 2289 672 2355 enim
702 2291 757 2370 qui
787 2292 951 2373 prologum
981 2290 1253 2356 Menaechmorum

129 2392 254 2472 scripsit
284 2393 368 2474 (nam
397 2393 473 2456 satis
492 2396 626 2456 ‘constat
648 2412 667 2456 a
690 2393 801 2459 Plauto
824 2396 892 2474 ipso
915 2392 1077 2475 prologum
1101 2412 1161 2458 non
1184 2411 1253 2458 esse

129 2494 353 2576 conscriptum)
380 2494 439 2559 hoc
467 2495 559 2559 dicit:
586 2493 716 2561 ‘Poetae
738 2496 806 2576 alii,
836 2499 951 2577 inquit,
981 2516 1087 2563 ornnes
1110 2515 1161 2560 res
1184 2512 1254 2559 esse

128 2602 235 2677 gestas
259 2598 390 2662 Athenis
413 2597 571 2675 simulant,
593 2616 655 2678 quo
671 2600 770 2681 magis
785 2618 916 2682 graecae
931 2601 1056 2666 fabulae
1079 2599 1252 2664 videantur.

130 2699 284 2781 Equidem
308 2699 386 2764 nihil
409 2700 531 2778 simulo,
555 2701 611 2766 sed
635 2701 703 2767 dico
727 2701 810 2782 quod
833 2721 940 2766 verum
964 2699 1037 2767 est'.
1076 2703 1162 2781 Quae
1184 2719 1255 2767 cunr

131 2800 235 2876 dicat,
264 2801 369 2867 tabula
392 2799 664 2869 Menaechmorum
694 2822 755 2870 non
785 2821 853 2868 esse
883 2822 996 2884 graeca
1020 2803 1118 2870 videri
1140 2808 1254 2885 potest.

131 2904 189 2968 Oui
211 2905 382 2987 suspicioni
405 2906 542 2971 occurrit
564 2907 668 2971 verbis
684 2927 766 2990 quae
781 2913 966 2989 sequnntur.
1000 2905 1120 2971 ‘Nihilo
1142 2903 1255 2984 secius,

130 3006 243 3086 inquit,
265 3007 372 3073 tabula
386 3009 418 3073 in
435 3027 548 3091 graeca
564 3015 649 3073 terra
664 3009 787 3091 agitur,¹
803 3026 863 3073 non
880 3008 936 3074 illa
950 3008 1076 3092 quidem
1090 3007 1123 3072 in
1141 3007 1255 3072 Attica,

132 3128 241 3175 verum
265 3116 368 3175 tamen
392 3111 424 3175 in
448 3111 578 3176 Sicilia’.

216 3214 334 3279 Locum
357 3215 383 3278 si
406 3213 452 3278 sic
474 3215 734 3295 interpretamur,
757 3231 869 3278 versus
886 3215 922 3275 ll
949 3219 981 3277 et
1006 3214 1044 3275 12
1067 3211 1183 3294 optime
1206 3229 1256 3275 co·

131 3316 262 3380 haerent
284 3334 354 3380 cum
377 3316 636 3397 praecedentibus
659 3321 691 3380 et
713 3315 852 3380 indicant
872 3315 1098 3396 gradationem.

217 3417 336 3483 Eadem
360 3417 391 3482 vi
414 3423 509 3497 atque
531 3417 681 3483 vocabula
703 3428 797 3500 arque
819 3413 897 3480 adeo
917 3418 948 3481 in
970 3415 1141 3482 enuntiatis
1163 3433 1256 3496 nega·

134 3519 207 3586 tivis
229 3542 326 3606 oeque
349 3517 427 3584 adeo
450 3521 553 3602 posita
571 3521 754 3585 invenimus.

217 3622 303 3688 Triu.
320 3624 376 3688 91:
404 3624 456 3688 Nil
478 3624 563 3705 agis:
586 3643 687 3705 neque
709 3625 788 3689 adeo
811 3624 921 3705 edepol
943 3620 1138 3688 floccifacio.
1171 3621 1256 3686 Triu.

113 3714 115 3718 ⁴
136 3725 207 3789 181.
231 3725 323 3805 Epid.
342 3726 412 3791 176.
437 3727 510 3791 Hoc.
529 3726 606 3790 529:
638 3725 754 3790 Credo:
777 3744 879 3807 neque
900 3727 979 3791 adeo
995 3725 1142 3791 arbitrari
1158 3725 1257 3805 patris

134 3834 184 3892 est
205 3828 299 3893 aliter
320 3827 398 3894 Hec.
415 3829 486 3894 261.
533 3825 624 3910 Capt.
640 3830 718 3892 519:
748 3829 858 3911 Neque
880 3827 1031 3894 auxilium
1061 3828 1134 3891 mist
1156 3843 1257 3905 neque

133 3930 211 3996 adeo
243 3948 323 4010 spes.
369 3929 458 4011 Oept.
481 3929 553 3993 348.
581 3929 632 3994 Ps.
649 3930 720 3995 398.
749 3931 844 3995 Mero.
872 3930 944 3994 394.
967 3930 1040 3994 859.
1070 3926 1156 3992 Trin.
1177 3927 1256 3991 200:

133 4032 220 4097 Nihil
242 4041 290 4098 est
312 4031 451 4113 prolecto
475 4032 602 4096 stultius
630 4051 731 4114 neque
761 4031 905 4097 stolidius
933 4035 1046 4112 [neque
1074 4029 1259 4096 mendacilo-

26 4209 33 4219 ,
134 4154 228 4217 quom
258 4154 361 4216 neque
390 4136 469 4201 adeo
501 4141 648 4216 argutum
675 4135 789 4216 magis]
818 4152 919 4216 neque
949 4131 1257 4214 confidentiloquius3

134 4257 227 4322 quem
249 4238 351 4306 locum
374 4239 564 4305 Ritschelins
588 4238 728 4320 spurium
751 4257 819 4305 esse
842 4237 918 4303 vult.
954 4238 1067 4302 Accius
1091 4237 1153 4320 (ap.
1177 4234 1255 4301 Gell.
