2888 4770
698 317 740 381 42

159 522 252 601 dono,
275 521 418 605 quamsi
446 521 588 587 dimittar
615 515 778 601 onustus,
808 526 952 603 respecto
979 520 1101 605 ellipsin
1124 525 1155 588 in
1179 521 1281 587 verbis

89 639 93 645 ·
158 631 223 690 tam
245 619 390 707 gratiast'
417 624 514 690 statui
536 622 649 700 voluit,
672 625 717 690 ιιι
743 631 778 690 ut
804 625 1001 691 enuntiatum
1024 623 1149 706 aliquod
1173 644 1277 690 corre·

156 726 286 792 lativum
316 727 461 810 suppleat
462 747 500 792 ur
527 725 643 793 velut
600 733 744 810 tquam
774 727 802 793 si
832 727 1022 810 accepissem
1052 729 1134 809 qnod
1162 725 1280 794 offers’.

158 829 355 913 Ladevvigius
377 831 423 910 (Z
439 830 459 894 ι.
477 832 513 895 A.
532 831 614 894 1842
637 849 666 912 p.
686 831 783 913 1070)
803 837 835 898 et
850 829 954 897 Holt'
913 837 996 897 tzrus
1012 830 1050 913 (Ι,
1067 831 1086 894 2
1089 832 1191 914 2,29)
1214 842 1279 894 tom

164 951 233 998 cum
256 952 402 1000 manuum
430 940 517 998 motu
544 935 780 1017 pronuntiatum
803 953 871 999 esse
893 940 1007 1016 putten
1029 953 1090 1016 quo
1114 934 1230 999 indicet
1231 953 1278 1014 ur,

157 1052 250 1116 quam
272 1053 401 1117 magnas
424 1037 536 1117 aliquis
565 1038 683 1120 gratias
711 1057 768 1120 pro
790 1055 824 1102 re
847 1036 982 1119 quadam
1005 1031 1104 1119 agat'.
1149 1037 1278 1117 (Louen-

33 1208 36 1213 ,
155 1138 223 1203 zius
246 1137 380 1203 conferri
403 1139 469 1204 vult
491 1140 576 1220 quod
598 1158 740 1205 sermone
760 1139 911 1204 Italorum
933 1138 988 1220 qui
1011 1157 1093 1205 nunc
1114 1144 1188 1204 sunt
1174 1139 1283 1205 tdici·

160 1247 227 1306 tur:
255 1240 350 1303 Teate
362 1240 505 1326 pracial)
536 1242 598 1307 Alii
620 1242 754 1326 denique
777 1255 841 1307 tam
859 1243 904 1308 ita
925 1240 1155 1319 intellexerunt
1178 1245 1215 1306 ut
1237 1251 1284 1306 to·

159 1364 229 1406 meo
251 1342 425 1423 particulae
446 1345 662 1413 adversativae
684 1346 784 1412 vicem
806 1344 956 1412 obtineat

245 1447 315 1526 Qua
342 1448 380 1512 de
408 1467 443 1513 re
472 1447 655 1532 priusquam
688 1449 832 1515 decidere
867 1447 1039 1531 possimus,
1072 1446 1282 1512 necessarium

160 1547 237 1614 mihi
259 1549 386 1615 videtur
407 1550 535 1616 uberius
551 1551 590 1617 de
604 1552 803 1618 adversative
825 1550 998 1634 particulae
1018 1560 1081 1610 cam
1097 1567 1155 1613 usu
1178 1548 1283 1630 dispu-

158 1658 237 1731 tare,
260 1652 299 1717 de
322 1672 384 1735 quo
406 1654 543 1744 multum¹
560 1654 622 1719 iam
646 1656 854 1736 disceptatum
881 1659 930 1719 est
959 1672 1062 1735 neque
1090 1651 1205 1719 certius
1226 1650 1283 1717 ali·

159 1754 235 1836 quid
258 1752 448 1819 discriminis
470 1773 571 1836 usque
592 1757 695 1821 adhuc
717 1756 848 1822 allatum
870 1756 971 1822 video.

246 1853 324 1918 Tam
346 1855 543 1922 adversativa
569 1877 639 1924 cum
666 1860 697 1923 vi
720 1878 739 1925 a
760 1858 873 1940 priscis
903 1857 1109 1939 scriptoribus
1139 1875 1207 1923 esse
1229 1877 1282 1940 po·

157 1957 251 2023 situm
266 1959 380 2024 Festus
403 1979 433 2042 p.
450 1959 513 2023 360
530 1966 676 2038 testatur,
692 1979 761 2025 cum
778 1957 867 2024 dicit:
885 1956 942 2024 ‘At
964 1961 1083 2042 antiqui
1104 1967 1168 2026 tam
1184 1960 1280 2026 etiam

157 2078 213 2140 pro
237 2067 341 2128 tamen
363 2063 412 2127 usi
435 2058 538 2144 sunt’;
561 2064 644 2143 quod
668 2067 703 2127 ιιι
718 2063 829 2145 probet
849 2066 985 2144 quatuor
999 2063 1118 2146 profert
1140 2062 1282 2146 exempla

157 2184 194 2229 ιιι
216 2164 366 2230 scaenicis
387 2165 491 2247 poetis
514 2173 649 2248 sumpta.
695 2168 797 2248 Atque
825 2184 933 2230 verum
963 2184 1032 2232 esse
1059 2166 1143 2249 quod
1165 2166 1281 2245 docuit,

157 2286 227 2332 oum
249 2266 322 2333 inde
344 2267 521 2334 confirmari
543 2268 683 2347 videtur,
706 2269 789 2352 quod
812 2269 908 2335 codes
931 2269 1155 2335 Ambrosianus
1179 2271 1210 2333 ιιι
1233 2267 1279 2333 st.

158 2389 186 2433 v.
202 2372 260 2436 44:
284 2370 369 2436 ‘Etsi
395 2370 442 2435 illi
469 2370 592 2453 inprobi
622 2372 685 2437 sint
711 2377 807 2452 atque
836 2371 929 2438 aliter
956 2390 1013 2438 nos
1042 2373 1159 2440 faciant
1185 2391 1280 2455 quam

157 2490 288 2553 aequom
304 2475 354 2552 sit,
377 2480 441 2538 tam
457 2473 510 2554 pol
525 2474 634 2539 noxiae
657 2492 697 2538 ne
718 2473 793 2555 quid
808 2474 907 2556 magis
930 2474 979 2554 sit,
1002 2476 1146 2541 omnibus
1168 2475 1280 2541 obnixe

156 2576 268 2656 opibus
290 2583 432 2642 nostrum
454 2593 511 2640 nos
533 2573 666 2641 officium
686 2575 864 2640 meminisse
887 2573 999 2651 decet,
1021 2587 1088 2640 tom
1111 2574 1279 2658 exhibet*),

156 2684 222 2744 tum
242 2680 314 2744 inde
336 2680 419 2762 quod
441 2697 540 2759 usque
563 2679 603 2744 ad
625 2677 808 2760 posterioris
830 2679 945 2744 aetatis
968 2680 1137 2761 scriptores
1160 2679 1279 2743 tamin

156 2783 326 2865 composito
350 2792 414 2846 tam
437 2782 497 2844 etei
517 2781 745 2847 adversativam
769 2781 828 2846 sibi
851 2782 913 2845 vim
935 2781 1083 2847 vindicat.

239 2883 306 2950 Iam
329 2885 357 2949 si
378 2883 568 2968 quaerimus,
599 2882 674 2965 quid
697 2881 721 2947 ii
743 2883 797 2963 qui
825 2882 1012 2965 particulam
1038 2885 1215 2967 attigerunt
1241 2886 1280 2950 de

158 3005 196 3052 ea
224 2988 403 3066 docuerint,
436 2987 513 3052 haec
542 2985 607 3051 iere
637 2985 825 3051 invenimus:
856 2986 1048 3052 Ritschelius
1079 2987 1176 3070 (Trin.
1199 2988 1278 3069 prol.

161 3090 232 3152 142.
250 3089 320 3153 143.
344 3090 402 3154 Rh.
419 3087 501 3155 Mus.
514 3087 602 3167 XIV,
619 3088 691 3153 399.
715 3088 754 3155 cl.
770 3107 876 3169 opusc.
893 3090 937 3154 lV
953 3108 983 3171 p.
1001 3091 1073 3155 405.
1096 3088 1133 3168 V,
1148 3110 1178 3172 p.
1191 3089 1278 3173 389),

157 3212 226 3259 curn
250 3203 353 3255 tamen
379 3193 465 3275 apud
492 3193 649 3258 scaenicos
676 3199 786 3273 poetas
816 3210 1038 3275 nonnunquam
1067 3191 1113 3258 ita
1143 3193 1280 3274 positum

158 3295 346 3374 inveniatur,
373 3303 410 3361 ut
432 3296 525 3361 unius
548 3296 639 3360 modo
669 3295 814 3377 syllabae·
835 3295 884 3360 vel
907 3294 1078 3377 pyrrhichii
1100 3312 1278 3361 mensuram

158 3398 208 3482 (ιι.
233 3396 355 3477 Mulier,
380 3399 481 3465 Plaut
506 3399 593 3464 Pros.
616 3419 646 3481 p.
665 3397 739 3481 148)
762 3405 890 3480 aequet,
920 3410 985 3462 tom
1006 3397 1083 3463 illud
1105 3396 1279 3463 breviatam

156 3520 225 3566 esse
247 3500 377 3566 formam
401 3510 433 3567 et
455 3508 563 3568 natum
585 3520 655 3568 esse
677 3521 715 3566 ιιι
737 3511 819 3565 tame
847 3501 931 3583 quod
953 3502 1148 3582 correptione
1170 3519 1208 3566 ex
1232 3510 1279 3565 ta·

154 3627 223 3667 mec
245 3604 361 3670 lactum
383 3607 426 3670 ιιι
448 3605 620 3673 confirmat.
666 3606 752 3685 Quae
775 3605 932 3671 sententia
961 3603 1057 3671 etiam
1079 3602 1186 3669 multis
1208 3621 1279 3683 pro-

156 3709 251 3774 batur
272 3709 325 3790 qui
348 3706 523 3792 linguarum
546 3708 771 3792 comparationi
787 3728 868 3791 quae
883 3709 998 3774 dicitur
1013 3725 1139 3789 operam
1161 3714 1279 3772 navant

223 3881 246 3948 *ι
263 3878 324 3933 Non
342 3894 384 3933 me
408 3879 477 3948 lngit
501 3879 528 3932 in
546 3877 719 3948 inscriptione
745 3877 862 3947 quadam
879 3886 931 3930 tam
949 3874 1030 3930 etiam
1047 3875 1099 3930 hac
1117 3890 1178 3929 cum
1193 3873 1221 3928 vi
1238 3874 1278 3928 in-

158 3964 244 4018 veniri
261 3963 306 4031 (cf.
325 3964 405 4018 Orell.
416 3968 491 4020 4360.
509 3963 622 4020 Ritschl.
641 3963 692 4018 Rh.
705 3963 744 4020 M.
759 3968 825 4019 1859
842 3981 869 4034 p.
881 3966 957 4032 399);
975 3961 1022 4016 ιιι
1036 3977 1096 4015 cum
1110 3961 1192 4015 etiarn
1210 3960 1278 4016 alias

155 4049 354 4104 mendosissime
377 4049 424 4105 illa
445 4050 480 4104 sit
503 4049 639 4119 descripta
660 4049 705 4118 (cl.
724 4049 852 4118 (lorssen,
876 4048 959 4103 Beitr.
983 4065 1010 4117 p.
1021 4049 1083 4114 275)
1103 4045 1167 4113 jure
1190 4047 1276 4115 suspi-

156 4152 256 4202 camur,
274 4137 412 4205 scriptoris
429 4147 479 4189 vam
497 4136 564 4191 illud
582 4151 640 4190 esse
657 4135 789 4191 mendum.
