2888 4770
753 343 795 407 46

298 548 360 616 Sed
385 568 498 616 novum
528 567 653 632 quoque
675 555 892 632 argumentum
919 552 1021 614 exstat
1042 567 1104 630 quo
1127 549 1245 631 optime
1268 546 1344 612 illu-

213 658 332 718 stretur
354 664 433 731 tom,
462 652 516 718 ubi
546 652 736 718 adversativi
767 666 868 718 tameo
895 652 962 717 vice
990 650 1077 734 iungi
1104 651 1247 731 videtur,
1275 668 1342 715 non

214 773 283 822 esse
305 763 481 835 correptum
505 774 541 820 ex
565 764 668 819 tameo
695 761 727 821 et
754 755 999 837 comparativam
1020 772 1055 819 re
1077 773 1151 819 vera
1174 773 1243 820 esse
1267 771 1344 836 par·

213 856 349 923 ticulum.
402 857 439 922 In
467 855 577 921 Militis
613 857 694 923 enim
725 858 867 945 versibus
890 858 963 921 627.
987 858 1065 936 628,
1100 859 1155 923 ubi
1184 857 1343 924 editiones

214 960 375 1026 exhibent:
409 956 513 1024 ‘Itane
543 961 600 1025 tibi
630 978 687 1042 ego
716 960 824 1026 videor
851 961 965 1043 oppido
995 960 1243 1026 Acherunticus?
1273 967 1343 1024 tam

214 1064 392 1144 capularis?
422 1070 526 1127 tamne
549 1062 607 1128 tibi
630 1064 684 1128 diu
706 1063 813 1128 videor
835 1064 929 1129 vitam
952 1059 1091 1129 uiuere?
1125 1063 1247 1130 codices
1272 1059 1342 1125 OD

214 1168 378 1233 exhibent:
406 1163 698 1250 capularistamc'rre,
721 1167 746 1230 F
755 1168 793 1232 Z:
825 1166 978 1251 capulari
997 1167 1148 1245 stamine,
1180 1167 1219 1231 B:
1244 1188 1343 1252 copru-

217 1271 296 1335 larc‘o
319 1280 383 1334 tom
409 1290 469 1346 me,
500 1268 583 1348 quod
612 1277 792 1352 corruptum
821 1287 889 1334 esse
921 1270 1045 1336 videtur
1075 1291 1112 1337 ex
1139 1271 1255 1333 romine
1285 1269 1343 1335 illo

126 1370 127 1374 ’
214 1373 298 1456 quod
324 1372 436 1453 reliqui
464 1371 586 1437 codices
614 1370 775 1450 praebent.
825 1371 986 1436 Neminem
1018 1373 1121 1437 adhuc
1151 1373 1344 1452 cogitavisse

215 1476 305 1540 video
329 1475 367 1539 de
383 1475 440 1539 bac
455 1474 596 1540 codicum
613 1472 745 1538 leetIone
760 1473 924 1538 retinenda
939 1473 1115 1554 Plautoque
1131 1472 1342 1539 restituenda.

221 1577 350 1643 Tomioc
373 1577 464 1652 enim,
487 1575 570 1655 quod
593 1575 650 1641 hoc
671 1575 773 1656 loco*)
796 1577 980 1656 invenimus,
1002 1577 1079 1656 quid
1100 1577 1185 1642 aliud
1208 1583 1258 1642 est
1280 1576 1345 1642 nisi

217 1690 299 1746 came
313 1680 401 1759 illud,
423 1679 507 1762 quod
522 1680 635 1745 Festus
656 1700 687 1762 p.
703 1679 766 1744 360
787 1679 881 1746 etiam
904 1682 935 1746 in
961 1683 1099 1748 carmine
1115 1680 1254 1764 positum
1272 1697 1345 1745 esse

216 1804 272 1867 pro
289 1794 354 1846 tam
376 1788 520 1859 testatur,
544 1801 613 1847 eum
634 1804 671 1844 ac
692 1783 865 1848 dubitativo
881 1784 1097 1865 compositum,
1113 1781 1207 1864 quale
1221 1781 1343 1847 facturn

217 1897 266 1958 est
286 1890 380 1953 sicine
401 1908 439 1954 ex
461 1889 524 1951 sice
546 1909 594 1965 aa,
618 1888 697 1950 tutio
721 1886 799 1970 (Mil.
817 1888 904 1969 290),
927 1887 1068 1964 unumne,
1092 1885 1208 1970 asquia
1231 1883 1342 1967 (Most.

217 1993 304 2075 434),
329 1992 485 2076 quippini,
515 1989 652 2064 antidea,
674 1991 809 2053 servierim
832 1989 928 2073 (Men.
946 1979 1074 2073 7953),
1090 1988 1215 2074 facilia
1238 1987 1344 2071 (928),

218 2103 276 2161 etc.
301 2094 352 2178 (cf.
376 2095 466 2160 Ribb.
489 2092 587 2158 Beitr.
611 2114 640 2176 p.
657 2094 721 2176 51).
766 2097 869 2177 Atque
896 2111 996 2174 aeque
1022 2101 1060 2159 ut
1081 2093 1159 2172 ricc,
1190 2092 1275 2157 unde
1298 2090 1345 2153 ci-

219 2198 283 2261 cino
306 2203 408 2261 ortum
431 2203 488 2277 est,
511 2196 698 2278 primigenia
721 2197 893 2278 particulae
915 2197 1014 2262 forma
1036 2204 1096 2276 est,
1124 2197 1233 2261 itidem
1256 2195 1344 2260 haud

218 2302 282 2367 scio
304 2319 344 2366 an
368 2313 449 2363 rame
470 2302 556 2383 prius
579 2302 621 2365 sit
643 2319 735 2382 quam
759 2312 832 2365 tam.
870 2301 960 2379 Quod
984 2307 1019 2365 ut
1041 2302 1165 2366 credam
1186 2300 1282 2363 etiam
1305 2316 1344 2362 ιο

136 2395 137 2399 ’
217 2404 365 2478 adducor,
388 2404 470 2486 quod
491 2404 524 2469 in
541 2403 669 2486 reliquis
691 2404 853 2487 particulis
874 2404 1093 2484 comparativis
1116 2402 1207 2484 stirpi
1229 2419 1345 2481 prono-

217 2506 323 2572 minali
350 2525 455 2588 aqua
485 2508 597 2572 ductae
626 2512 700 2572 sunt
726 2525 849 2588 semper
877 2506 998 2572 adnexa
1026 2506 1183 2571 invenitur
1210 2503 1345 2586 syllaba,

218 2629 297 2692 quae
321 2609 616 2675 demonstrationem
632 2609 779 2693 exprimit
801 2616 832 2676 et
853 2629 889 2676 eo
904 2609 1045 2692 iungitur
1059 2628 1197 2687 munere,
1220 2613 1256 2671 ut
1271 2625 1345 2671 ocu-

217 2711 255 2778 lis
278 2712 326 2776 uel
349 2712 478 2779 auribus
505 2712 698 2795 significetur
728 2712 910 2780 relationem
940 2732 976 2777 ac
1003 2711 1236 2778 similitudinem
1259 2710 1346 2774 inter

219 2814 299 2879 duas
327 2815 521 2881 intercedere
550 2835 611 2881 res.
655 2816 900 2884 Procedentibus
934 2816 1140 2898 temporibus,
1175 2820 1344 2896 postquam

220 2929 303 2980 tomo
324 2918 364 2982 ab
387 2936 447 2983 usu
468 2925 622 2984 remotum
645 2927 694 2984 est
717 2925 748 2985 et
771 2931 836 2981 com
856 2919 955 2984 solum
971 2926 1003 2983 et
1017 2937 1113 2983 unum
1136 2918 1167 2982 in
1190 2936 1250 2981 usu
1274 2935 1346 2982 esse

218 3020 328 3102 coepit,
344 3019 461 3086 factum
484 3021 615 3101 videtur,
638 3027 673 3086 ut
688 3043 726 3083 ac
740 3020 948 3086 dubitativum
969 3020 1101 3103 simplici
1117 3032 1181 3083 tom
1196 3020 1345 3085 adnecte-

218 3127 321 3202 retur‚
351 3122 450 3203 unde,
480 3142 550 3189 cum
571 3124 664 3188 litera
686 3145 716 3184 m
738 3128 769 3187 in
793 3125 989 3188 extremitate
1016 3123 1186 3188 dictionum
1208 3122 1346 3187 obscura

219 3232 347 3290 sonaret
355 3223 409 3307 **),
425 3238 517 3288 tanne
532 3224 608 3290 illud
623 3231 726 3288 ortum
742 3230 790 3289 est
805 3225 887 3307 quod
900 3224 1014 3289 Paulus
1030 3226 1109 3308 (exc.
1126 3225 1209 3289 Fest.
1225 3223 1344 3306 pesa)

219 3329 302 3411 apud
326 3328 489 3393 Afranium
512 3328 563 3412 (ir.
587 3346 612 3392 c.
629 3328 707 3391 412:
730 3327 852 3392 ‘Tanne
880 3328 988 3392 arcula
1010 3334 1065 3393 tua
1088 3326 1180 3408 plena*
1202 3333 1251 3392 est
1273 3346 1346 3392 ara·

219 3429 375 3513 nearum')
398 3431 459 3514 legi
481 3432 570 3496 testis
593 3435 650 3495 est.
696 3427 758 3494 Sed
780 3429 857 3495 haec
874 3428 1035 3496 hactenus.
1074 3433 1140 3496 Iam
1163 3430 1236 3497 illuc
1259 3432 1345 3497 unde

219 3537 282 3602 orsi
305 3555 413 3600 sumus
436 3537 613 3601 redeamus.

288 3724 309 3792 ⁰)
327 3722 359 3774 In
376 3722 459 3776 Mero.
479 3737 587 3790 quoque
605 3738 628 3775 ι.
645 3725 702 3786 172,
720 3720 766 3775 ubi
785 3718 890 3773 codices
909 3722 1011 3773 taudem
1031 3719 1159 3775 exhibant
1178 3728 1206 3776 et
1223 3721 1343 3776 editores

221 3810 300 3864 uliam
318 3809 364 3863 alii
376 3808 518 3877 proferunt
535 3810 686 3877 lectionem,
704 3809 777 3864 haud
795 3808 849 3863 solo
863 3823 898 3861 an
910 3807 1078 3862 scribendum
1096 3807 1145 3863 sit:
1160 3805 1284 3862 ‘Tamine
1303 3807 1344 3861 in·

220 3896 316 3963 dignus
333 3893 459 3948 videor'?
484 3900 511 3948 et
533 3895 562 3948 in
579 3895 623 3949 Ps.
642 3911 666 3948 v.
679 3895 745 3949 472:
764 3891 864 3946 ‘Mihin
882 3890 988 3945 domino
1013 3905 1105 3946 seruos
1128 3897 1159 3945 tu
1181 3892 1342 3946 suscenses?

220 3981 326 4054 iTamin
344 3981 395 4034 tibi
412 3981 508 4034 mirum
526 3982 553 4034 id
571 3979 688 4035 videtur'
713 3979 814 4048 (boue,
832 3978 902 4033 anal.
921 3977 1008 4032 Plaut.
1026 3993 1053 4046 p.
1068 3979 1117 4031 168
1134 3975 1226 4032 docuit
1244 3987 1294 4029 tom
1313 3978 1343 4031 in

220 4068 310 4123 codiee
329 4065 354 4121 A
373 4065 502 4135 scriptum
520 4080 587 4133 esse,
605 4064 663 4118 rell.
682 4063 897 4133 exhibentium).

288 4155 321 4221 ⁰⁰)
340 4152 429 4220 Quint.
448 4152 497 4217 IX,
514 4156 538 4221 4,
556 4156 597 4206 40.
620 4149 696 4213 VIII,
709 4152 734 4239 il,
747 4152 780 4204 45
798 4148 925 4218 Priscian,
949 4150 1047 4215 Donat,
1066 4149 1109 4203 Ad
1129 4150 1165 4212 11,
1186 4154 1208 4218 l,
1221 4154 1264 4204 53.
1287 4151 1343 4204 Cic.

221 4243 413 4307 orat.45‚145.
441 4237 534 4292 Velius
551 4238 661 4306 Longus
678 4254 704 4306 p.
717 4237 819 4319 β236Ρ.
