2888 4770
703 301 745 363 44

159 507 244 573 locos
267 506 380 587 quibus
407 507 536 571 tametsi
560 513 593 573 et
622 518 725 571 tamea
755 504 830 584 etsi,
846 504 907 569 -vel
933 504 1058 569 inverso
1088 503 1196 568 ordine
1226 502 1290 564 etsi

160 645 200 655 -
227 611 490 691 155555(5155’-
514 610 593 693 tarn)
622 610 706 692 apud
735 608 855 692 priscos
885 608 1054 687 scriptores
1081 604 1287 670 inveniuntur

156 711 347 794 inspexeris,
379 712 498 777 videbis
526 723 629 776 tamea
656 731 717 777 non
746 731 815 777 esse
845 711 981 792 positum
1011 711 1070 774 nisi
1101 708 1287 775 certissimis

160 813 328 895 legibus*).

248 933 356 997 Tamen
380 941 446 999 tum
470 937 561 1001 modo
585 935 736 1016 scriptum
752 933 875 1015 legitur,
899 935 926 998 si
946 933 1088 1013 singulae
1111 932 1287 1013 particulae

160 1054 252 1101 versu
283 1036 474 1101 dirimuntur
495 1046 552 1103 ant
580 1038 607 1102 si
637 1049 739 1100 ramea
768 1037 944 1102 sententiae
974 1035 1170 1102 concessivae
1199 1043 1288 1117 post-

158 1140 294 1220 positum
317 1141 358 1204 ad
381 1145 553 1205 extremum
576 1158 686 1206 versus
701 1140 803 1204 locum
818 1139 958 1217 reicitur,
982 1139 1068 1204 velut
1090 1140 1122 1202 in
1144 1158 1192 1203 vv.
1210 1138 1287 1203 Cas.

159 1243 195 1321 V,
212 1242 240 1321 3,
257 1244 311 1308 15:

425 1377 550 1455 ‘Vapnlo
570 1379 665 1441 hercle
686 1378 791 1437 invitus
812 1379 905 1436 tamen

428 1474 491 1533 Etsi
512 1473 615 1533 malum
635 1469 746 1533 merui'.

158 1603 218 1663 Mil.
242 1610 324 1663 1299.
348 1610 400 1664 10:
1010 1600 1169 1660 ‘Postremo
1189 1601 1288 1660 tamen

426 1697 488 1756 Etsi
509 1697 584 1756 istnc
603 1695 672 1755 mibi
698 1697 870 1768 acerbumst‚
898 1695 963 1769 quia
988 1711 1035 1755 ero
1055 1697 1084 1753 te
1105 1693 1289 1755 carendumst

1016 1791 1129 1864 optumo

426 1887 532 1946 Saltem
552 1885 581 1943 id
603 1884 687 1961 volup
707 1881 767 1945 est’
786 1919 821 1928 -

159 2014 328 2090 capanea:
349 2013 427 2075 ‘ursi
448 2015 562 2091 pervivo
584 2032 672 2088 usque
693 2015 728 2073 ad
750 2033 884 2075 summam
903 2018 1035 2084 aetatem,
1055 2019 1148 2074 tamen

350 2111 440 2169 Breve
461 2109 615 2185 spatiumst
635 2110 798 2185 perferundi
818 2127 889 2184 quae
910 2109 1025 2169 minitas
1046 2103 1139 2170 mihi’.

157 2239 245 2299 Haut.
262 2245 326 2297 225.
348 2245 403 2298 226
417 2239 456 2297 U:

345 2363 415 2424 ‘Hic
429 2365 528 2438 Clinia,
544 2366 598 2425 etsi
612 2366 637 2425 is
652 2383 761 2440 quoque
775 2384 887 2425 snorum
902 2383 994 2426 rerum
1010 2369 1056 2425 sat
1069 2367 1168 2440 agitat,
1187 2369 1284 2427 tamen

351 2477 446 2536 Habet
465 2478 539 2536 bene
561 2478 590 2536 et
615 2478 716 2552 pudice
741 2478 886 2552 eductam,
912 2479 1041 2553 ignaram
1061 2477 1131 2536 artis
1152 2477 1282 2535 meretri·

658 2568 729 2631 oiae'
754 2572 808 2645 (Fi.
824 2573 910 2632 male:
932 2575 977 2632 sat
991 2571 1060 2646 agit,
1075 2574 1168 2630 tamen
1184 2571 1283 2643 babet)

155 2706 213 2766 aut
235 2702 262 2766 si
284 2711 387 2765 tomen
409 2720 471 2766 non
494 2700 668 2783 proximum
691 2703 880 2766 asententia
904 2699 1083 2766 concessiva
1104 2698 1207 2763 locum
1231 2699 1283 2764 ob·

156 2804 249 2882 tinet,
272 2804 358 2869 velut
373 2805 402 2868 in
419 2801 495 2869 Hec.
511 2822 561 2867 vv.
578 2802 655 2866 243:
678 2802 764 2867 ‘Etsi
786 2803 850 2868 scio
873 2823 930 2885 ego
947 2839 987 2850 -
1004 2819 1106 2867 meum
1128 2802 1178 2868 ius
1202 2820 1282 2881 esse,

224 3009 252 3077 a)
274 3009 337 3061 Tora
355 3010 401 3060 etsi
417 3007 460 3060 his
476 3007 506 3061 in
522 3007 642 3062 versibus
658 3007 785 3076 legimus:

224 3095 322 3165 Amph.
336 3097 401 3151 977:
425 3093 522 3148 ‘Audis
545 3109 613 3162 quae
637 3093 696 3148 dico
720 3100 776 3148 tam
799 3093 850 3147 etsi
872 3107 1002 3161 praesens
1024 3108 1077 3147 non
1103 3090 1190 3146 ades'.
1218 3090 1281 3144 Aul.

157 3184 221 3237 768:
237 3180 314 3235 ‘Tam
333 3181 385 3235 etsi
402 3180 446 3234 fur
457 3179 523 3234 mihi
548 3195 585 3248 es,
602 3179 731 3234 molestus
748 3195 801 3234 non
820 3177 878 3232 ero'
898 3177 975 3233 Ourc.
988 3182 1051 3235 259:
1067 3177 1144 3231 ‘Tam
1158 3176 1210 3230 etsi
1226 3193 1280 3232 non

155 3267 218 3321 novi
240 3266 329 3322 dabo’.
362 3266 420 3321 Mil.
433 3268 492 3321 744.
516 3265 553 3319 St.
572 3270 613 3319 41.
632 3269 691 3321 205.
718 3265 780 3318 Aul.
792 3267 850 3320 768.
878 3263 977 3333 Amph.
996 3264 1123 3332 515121.
1150 3263 1223 3317 Μ511.
1243 3267 1275 3318 91

156 3353 199 3407 Ρ5.
214 3356 285 3422 [244]
307 3355 365 3409 471.
391 3352 475 3405 Mero.
486 3355 545 3407 595.
564 3350 712 3419 6551321.
736 3350 821 3404 Andr.
833 3353 891 3404 348.
917 3348 987 3404 Eun.
1002 3353 1061 3404 216.
1074 3353 1132 3405 316.
1157 3349 1205 3402 Ph.
1218 3352 1277 3404 428.

156 3441 237 3496 Poen.
250 3439 283 3507 V,
296 3444 322 3504 4,
335 3443 375 3495 32.
394 3439 452 3507 aa,
468 3442 524 3492 129.
543 3436 613 3490 Enn.
631 3437 664 3488 fr.
682 3442 715 3489 tr.
729 3439 777 3490 165
796 3435 838 3504 (l).
859 3435 892 3489 of.
910 3435 975 3489 Luc.
993 3435 1025 3488 L.
1041 3439 1097 3490 152.
1115 3436 1174 3490 775.

227 3526 293 3580 Cum
312 3525 448 3581 codicibus
465 3535 518 3576 tam
536 3525 582 3576 orsi
598 3523 793 3576 restituendum
811 3521 918 3576 videtur
941 3521 968 3573 in
986 3537 1027 3574 vv.
1046 3521 1084 3575 st.
1096 3523 1129 3576 27
1138 3539 1144 3572 z
1164 3518 1279 3574 ‘Tamen

156 3612 211 3680 (Fl.
230 3614 293 3680 tom)
312 3612 334 3666 si
351 3611 434 3665 faciat
451 3609 569 3663 minume
587 3608 667 3663 irasci
686 3607 774 3662 decet‘
793 3610 829 3676 (A
847 3606 1108 3674 exhibeamur),
1132 3607 1279 3670 Τ1111.679,

156 3698 202 3752 ubi
215 3697 377 3752 Ritoohelius
389 3697 416 3750 in
429 3697 516 3765 prima
528 3695 644 3750 editione
662 3697 751 3764 (1848)
769 3694 891 3763 scripsit:
906 3693 1010 3747 ‘Facile
1028 3693 1180 3746 inventust:
1199 3691 1281 3746 datur

155 3783 239 3852 ignis,
261 3788 351 3837 tamen
375 3783 426 3836 etsi
448 3783 482 3838 ab
506 3782 611 3837 inimico
632 3780 722 3852 petas'
747 3796 818 3835 nunc
838 3780 959 3833 Brixium
985 3784 1016 3832 ut
1038 3778 1145 3832 videtur
1169 3784 1279 3832 secutus

158 3868 280 3923 exhibet:
294 3868 423 3923 ‘Facilest
441 3869 564 3923 inventu:
584 3868 664 3922 datur
676 3867 745 3935 ignis
757 3866 875 3921 tametsi
887 3865 921 3920 ab
934 3865 1039 3919 inimico
1058 3863 1156 3933 petas’.
1187 3865 1280 3919 Etiam

156 3957 184 4010 in
201 3956 274 4009 Peru.
292 3973 333 4010 vv.
345 3959 394 4013 361
407 3972 458 4024 sq.:
479 3954 560 4008 ‘Erus
578 3957 600 4008 si
617 3953 734 4007 minatus
757 3958 798 4007 est
816 3952 912 4006 malurn
937 3966 1015 4005 servo
1040 3965 1087 4004 suo
1108 3951 1113 4020 Ι
1135 3949 1238 4004 Tamen
1256 3951 1280 4004 51

156 4042 269 4096 daturus
285 4043 339 4095 non
357 4046 413 4108 est,
435 4042 482 4095 ubi
499 4042 633 4109 captumst
650 4037 764 4108 flagrum
784 4039 789 4109 Ι
810 4039 880 4092 Dum
897 4037 1016 4092 tunicam
1038 4036 1062 4089 15
1079 4036 1157 4104 ponit
1175 4041 1277 4106 quanta

157 4125 274 4180 afficitur
292 4124 421 4189 miseria’,
439 4135 488 4177 com
507 4127 553 4177 5551
571 4123 686 4178 scribere
703 4129 825 4193 praestat
843 4123 887 4191 (cf.
906 4121 1002 4187 codd).
