2888 4770
753 295 794 360 58

211 500 257 568 ita
278 506 315 567 ut
336 499 489 566 efficiatur
511 499 610 565 troch.
633 505 712 581 sept.
735 498 837 582 qualis
865 503 913 565 est
941 515 1051 565 versus
1080 499 1240 580 proximus
1264 498 1337 562 614.

216 603 272 667 Vis
295 603 354 669 huc
378 604 541 684 irrepsisse
564 601 689 666 videtur
710 601 756 666 ita
779 609 814 667 ut
837 600 918 666 oculi
946 599 1069 667 librarii
1099 602 1284 667 aberrarent
1306 604 1339 664 et

212 707 308 773 verba
331 705 411 790 quid
431 704 490 783 oio,
513 723 594 787 quae
616 705 648 769 in
672 704 762 769 initio
784 722 895 770 versus
916 705 1083 785 leguntur,
1105 703 1221 770 iterum
1243 721 1340 786 poue·

213 815 332 886 rentur,
354 807 438 890 quod
461 809 544 873 haud
569 809 632 875 scio
655 828 695 873 au
718 809 833 874 codicis
849 807 887 886 D,
910 807 965 890 qui
986 805 1176 889 antiquitate
1198 804 1340 888 proxime

214 912 253 977 ad
271 910 454 976 Bembinum
478 912 608 990 accedit,
632 912 790 992 scriptura
813 908 907 995 (qaid
927 911 975 973 iro
990 909 1074 972 istae
1089 909 1136 972 vu
1152 905 1242 994 qaid)
1266 925 1340 972 con·

212 1013 363 1080 firmetur.
835 1092 838 1097 Ι

298 1116 416 1181 Eadem
440 1117 479 1179 de
503 1135 598 1182 causa
620 1137 727 1183 eorum
751 1136 875 1199 quoque
897 1118 1031 1197 reprobo
1053 1112 1261 1190 coniecturas,
1284 1109 1340 1193 qui
1367 1134 1372 1141 ·

213 1218 245 1282 iu
268 1218 362 1282 Ennii
385 1237 477 1282 versu
500 1217 541 1282 fr.
566 1237 590 1282 c.
608 1219 649 1283 58
673 1216 724 1301 (V.
741 1219 811 1301 95):
841 1214 938 1295 ‘Quid
960 1217 1006 1282 ita
1028 1234 1098 1281 cum
1126 1222 1181 1280 tuo
1202 1211 1340 1280 lacerato

212 1339 341 1402 corpore
363 1321 467 1398 miser,
491 1329 546 1387 aut
569 1322 621 1404 qui
645 1329 676 1387 te
699 1323 744 1387 sic
767 1328 942 1387 tractavere
964 1320 1055 1387 uobis
1071 1313 1338 1400 respectantibus’

213 1424 341 1489 verbum
365 1423 492 1505 aliquod
515 1422 739 1506 suppleverunt
762 1424 847 1489 velut
871 1435 980 1487 eoutoo
1007 1422 1057 1488 vel
1079 1422 1136 1505 (te)
1160 1429 1341 1484 contuemur

213 1525 509 1610 velamentorum)
533 1538 613 1591 taor.
648 1526 801 1609 Equidem
818 1525 1021 1592 Ribbeckium
1044 1530 1171 1590 secutus
1194 1541 1340 1589 mancum

214 1647 283 1692 esse
305 1647 429 1692 versum
453 1629 603 1694 traditum
626 1634 712 1711 puto.

301 1731 336 1794 lu
366 1728 495 1795 Caecilii
516 1731 569 1798 illo
598 1751 691 1798 versu
713 1732 750 1796 ir.
775 1751 799 1797 c.
821 1731 850 1794 2.
875 1729 1061 1812 Spengelius
1090 1730 1151 1796 iam
1180 1735 1267 1794 recte
1296 1729 1342 1794 sic

219 1833 428 1914 interpunxit:

423 1970 478 2030 Hei
499 1971 583 2046 periit
604 2005 640 2014 —
661 1972 733 2043 Quid
754 1973 815 2032 ita?
838 2006 871 2014 -
894 1973 1018 2032 Numero
1039 1969 1124 2029 veuit.

300 2098 404 2164 Nihilo
427 2100 525 2180 magis
548 2099 623 2163 ferri
645 2117 737 2181 posse
760 2101 862 2166 elucet
883 2118 964 2180 quae
979 2100 1063 2180 apud
1079 2096 1285 2163 Bitschelium
1308 2099 1341 2162 iu
1368 2095 1370 2098 ’

214 2219 262 2265 vv.
287 2201 338 2265 Ps.
355 2198 393 2280 V,
417 2203 446 2279 2,
471 2202 489 2264 2
514 2202 611 2285 (1286
627 2203 692 2284 F.):

370 2337 419 2396 stt
439 2338 598 2410 quidhoc?
618 2337 672 2411 quo
694 2339 792 2398 modo?
813 2338 880 2411 quid
901 2337 941 2396 ita
962 2337 1042 2397 video
1063 2337 1160 2412 egeat

369 2431 435 2491 Cum
457 2449 558 2491 corona
579 2431 687 2490 ebrium
707 2431 878 2491 Pseudulum
899 2434 991 2503 tuum3

215 2565 247 2624 et
270 2559 364 2625 Mero.
383 2560 458 2625 133:

371 2695 447 2766 Quae
469 2695 498 2754 te
519 2697 609 2756 maleo
629 2712 675 2756 res
695 2696 735 2755 lta
755 2695 885 2770 agitant?

218 2820 380 2901 leguntur,
410 2825 595 2903 praesertim
618 2842 688 2910 cum
709 2823 770 2901 iro,
799 2822 882 2907 quod
906 2823 1094 2888 Bitschelius
1122 2824 1271 2906 praebet,
1299 2842 1341 2888 ne

219 2923 359 2987 codicum
383 2922 509 3004 quidem
532 2925 721 2988 auctoritate
743 2923 952 2989 confirmetur.
991 2925 1143 3007 Equidem
1166 2925 1342 2990 secundum

219 3024 342 3090 codices
364 3025 397 3089 in
420 3026 470 3090 Ps.
494 3026 546 3091 illo
569 3045 612 3090 v.:
644 3021 716 3091 ‘Set
738 3027 813 3107 quid
843 3026 923 3092 hoc?
951 3046 1013 3109 quo
1043 3026 1156 3093 modo?
1183 3025 1259 3106 quid
1283 3027 1344 3090 tui

218 3128 297 3210 (sive
321 3129 365 3209 te)
389 3129 479 3193 video
502 3126 595 3207 ego'?
617 3134 649 3193 et
671 3130 702 3192 in
719 3129 813 3193 Mero.
829 3148 875 3192 v.:
904 3123 1010 3206 ‘Quae
1032 3134 1064 3195 te
1086 3147 1137 3193 res
1160 3128 1260 3192 malae
1276 3128 1343 3209 agi·

216 3228 324 3295 tantt’
349 3231 406 3313 (sic
423 3232 470 3309 B„
493 3229 588 3313 Scol.)
612 3231 809 3297 scribendum
832 3248 980 3311 propono.

658 3418 714 3479 Ph.
730 3416 801 3478 974.
822 3415 892 3479 att.

390 3550 477 3610 Hisce
497 3567 550 3623 ego
571 3549 647 3607 illam
669 3548 753 3608 dictis
772 3548 815 3606 ita
835 3547 888 3607 tibi
909 3546 1053 3607 iucensam
1074 3545 1156 3616 dabo,

393 3645 432 3703 Ut
452 3659 487 3704 ua
507 3645 677 3718 restinguas,
698 3640 822 3701 lacrimis
842 3641 867 3700 si
888 3641 1068 3701 extillaveris.

304 3773 436 3854 Saepius
460 3789 530 3836 cum
553 3772 636 3851 apud
659 3769 778 3852 priscos
801 3775 910 3850 poetas
931 3791 969 3832 ae
996 3769 1044 3833 vcl
1074 3780 1110 3832 at
1131 3790 1169 3831 ue
1195 3767 1346 3848 legantur
1393 3841 1398 3849 ‚

217 3875 271 3940 ubi
298 3875 460 3956 praecedit
487 3871 642 3954 particula
670 3872 717 3935 ita
744 3870 777 3935 iu
807 3873 967 3935 enuntiato
998 3870 1160 3952 primario,
1188 3869 1281 3933 multi
1309 3869 1343 3932 iu

219 3994 286 4042 eam
311 3978 435 4041 iverunt
458 3975 646 4040 seutentiam
668 3974 700 4037 in
722 3971 893 4037 enuntiatis
915 3971 1121 4037 consecutivis
1149 3970 1218 4035 illos
1241 3972 1268 4034 si
1291 3989 1346 4036 ne-

217 4081 333 4160 gantur
355 4079 530 4160 promiscue
552 4099 590 4139 ae
617 4084 650 4140 et
673 4087 708 4137 at
734 4097 794 4138 noa
821 4077 973 4157 posuisse.
1020 4074 1081 4138 Sed
1110 4076 1137 4138 si
1166 4072 1249 4138 locos
1275 4073 1346 4154 qui·
