2888 4770
617 269 658 338 38

535 360 742 376 Μ

80 492 146 559 et
136 512 168 559 ιιι
190 493 302 582 Amph.
324 522 353 568 v.
371 498 470 567 1035.

112 627 185 692 vos
210 633 284 698 inter
308 639 501 720 pertituros
534 647 587 708 ⁰8⁰
615 629 708 706 [³9⁰⁰]
735 630 819 710 ἐι)θθ,
844 641 915 702 mihi
940 650 1137 723 negotiumst’
1160 662 1223 732 (Fl.

945 743 1049 819 [etan

164 841 248 911 Τιιιι.
265 848 344 918 203
372 848 440 917 Nil
455 849 504 915 est
520 838 659 928 profecto
642 841 803 910 ostultius
825 864 918 930 quam
939 855 1057 921 urbani
1080 862 1221 933 adsidui

78 947 161 1016 cives
183 964 263 1028 qnos
285 973 411 1022 scurras
433 956 554 1021 vocant.
601 950 702 1031 Atque
724 955 846 1032 egomet
867 970 916 1020 me
938 955 1018 1021 adeo
1049 979 1125 1028 cum
1152 967 1222 1034 illis

77 1069 142 1120 nna
164 1050 314 1123 ibidemt
300 1059 415 1136 traho',
436 1058 492 1126 ubi
514 1052 592 1119 adeo
614 1051 787 1139 indignant
778 1075 805 1121 rs
828 1062 886 1123 est

163 1155 241 1221 Eun
258 1159 336 1225 247:
365 1160 447 1230 Hoc
470 1165 613 1228 novomst
635 1161 814 1244 aucupium:
845 1179 903 1243 ego
926 1162 1005 1229 adeo
1035 1165 1123 1234 hanc
1147 1175 1219 1254 pri-

77 1277 147 1328 mus
171 1260 274 1328 inveni
296 1265 401 1333 viam'.
439 1265 509 1353 Epo
531 1263 608 1328 odeo
630 1261 751 1332 hict
703 1271 751 1332 est
772 1264 938 1349 gloriosius
961 1267 1001 1331 de
1024 1287 1060 1336 se
1083 1279 1215 1354 praedi

77 1363 193 1444 cantis,
221 1371 297 1435 ute
280 1371 374 1436 etiam
401 1371 432 1436 in
461 1368 574 1436 Bacch.
598 1388 627 1433 v.
646 1369 724 1436 968:
754 1365 907 1453 Pugnan
937 1375 1086 1440 conserui
1121 1381 1214 1448 seni:

78 1486 150 1534 eum
172 1485 230 1550 ego
253 1471 331 1540 adeo
353 1493 415 1541 uno
437 1471 599 1539 mendacio
622 1473 748 1539 devici'.

164 1573 244 1638 Rud.
262 1576 359 1643 1199:
387 1576 480 1644 tEam
504 1578 543 1644 de
565 1597 679 1661 genere
702 1596 824 1645 summo
845 1575 1040 1644 adulescenti
1064 1583 1149 1653 dabo
1169 1623 1211 1636 —

80 1693 87 1763 1
111 1679 191 1747 Eum
215 1700 273 1763 ego
295 1685 374 1751 adeo
396 1683 515 1752 arcessi
537 1684 598 1751 huc
619 1685 659 1750 ad
682 1703 731 1751 me
753 1679 846 1766 quam
869 1681 1003 1765 primum
1026 1684 1127 1767 volo’,
1152 1691 1212 1758 ubi

78 1782 163 1851 haud
186 1784 249 1851 scio
271 1806 311 1852 an
334 1793 474 1869 praestet
497 1809 550 1872 epo
572 1790 754 1869 pronomine
781 1787 897 1853 deleto:
926 1781 1022 1849 ‘Eum
1051 1789 1134 1856 adeo
1157 1811 1211 1858 ar·

80 1889 160 1956 cessi
182 1886 254 1954 huc'
280 1891 426 1970 scribere,
450 1909 521 1955 cum
536 1891 719 1970 Daemones,
742 1891 795 1972 qui
817 1894 910 1957 antea
933 1888 971 1953 de
993 1887 1058 1955 filia
1079 1893 1210 1962 loeutus

81 1998 138 2072 est,
155 1993 197 2058 ad
208 1993 439 2060 adulescentem
451 1991 566 2057 transit
578 1998 609 2057 et
620 1992 652 2058 in
665 2012 733 2059 eam
745 1993 897 2060 convertit
912 1990 1208 2063 considerationem.

165 2097 245 2163 Stat.
262 2096 353 2164 anc.
369 2098 406 2163 fr.
423 2115 449 2162 c.
466 2096 520 2162 34:
548 2093 631 2162 ‘Iam
653 2117 701 2163 me
721 2099 800 2164 adeo
815 2101 930 2175 manta,
952 2095 1014 2159 iam
1029 2096 1088 2162 hoc
1104 2099 1207 2165 vide'.

81 2205 177 2272 Andr.
195 2203 272 2269 579:
300 2200 376 2281 ‘Qui
398 2202 459 2267 scis
486 2219 539 2267 eos
568 2220 649 2267 nunc
677 2202 855 2268 discordare
881 2200 964 2264 inter
990 2199 1047 2264 se?
1072 2199 1086 2283 ΙΙ
1111 2201 1207 2284 Ipsus

81 2308 157 2375 mihi
179 2307 284 2373 Davos
307 2345 346 2355 -
370 2304 457 2371 dixit.
481 2340 520 2351 -
544 2304 624 2370 Tute
647 2305 725 2371 adeo
753 2303 815 2369 iam
846 2303 913 2368 eius
941 2303 1037 2368 verba
1066 2305 1204 2371 audies’.

81 2407 493 2479 marsumaticum
523 2408 623 2472 lectus
652 2406 793 2486 dabitur,
820 2406 915 2470 ubit
902 2410 938 2470 tu
968 2405 1031 2470 hau
1060 2424 1205 2473 somnum

82 2510 202 2600 capias'
231 2511 303 2597 (‘da
324 2510 399 2576 wird
422 2509 471 2574 dir
492 2510 557 2575 und
579 2510 701 2576 keinem
731 2504 889 2591 andern').
933 2509 1014 2573 Rud
1033 2506 1207 2576 731211ta
1254 2561 1265 2579 .

82 2640 140 2704 ego
168 2625 207 2684 te
233 2618 306 2683 hinc
332 2621 475 2680 ornatum
504 2615 647 2681 amittam
676 2619 712 2680 u
739 2632 826 2697 ipsus
855 2620 886 2679 te
914 2617 1038 2679 utnon
1067 2613 1204 2681 noveris

82 2743 149 2792 vos
172 2723 333 2788 adeo—
357 2718 388 2783 ni
415 2724 510 2800 caput
538 2704 827 2784 exoculassitis't
795 2725 853 2783 etc
898 2716 956 2781 Ad.
978 2716 1056 2782 797ε
1086 2715 1206 2783 Exte

82 2830 161 2895 adeo
183 2831 232 2892 est
254 2825 383 2890 ortum.

167 2927 257 2992 Adeo
278 2927 341 2993 fort
327 2931 412 2990 tasse
434 2925 525 3002 restit
511 2925 733 2990 tuetndum
685 2924 786 2990 estin
809 2945 838 2990 v.
860 2922 973 2991 Bacch.
991 2923 1070 2989 495:

166 3064 269 3125 ‘serra
289 3061 343 3123 tibi
363 3060 487 3121 sodalem
507 3062 536 3119 et
555 3059 593 3119 mi
614 3061 709 3136 [adeo]
730 3055 835 3120 filium'
855 3064 899 3133 (R.
921 3064 959 3117 mi
978 3063 1113 3136 [aorem]).

168 3196 357 3261 Particulam
379 3192 613 3275 pronominibus
635 3193 888 3260 demonstrativis
911 3200 943 3258 et
957 3193 1205 3261 determinatius

83 3300 256 3384 appositam
278 3300 520 3380 interpretamur
541 3299 724 3383 plerumque
749 3296 908 3364 vocabulis
933 3296 1069 3383 parade,
1098 3320 1205 3384 sopor,

84 3405 166 3484 abac,
188 3410 244 3469 aut
265 3421 371 3469 vocem
394 3404 493 3487 magis
514 3403 702 3469 intendimus
724 3402 963 3486 pronuntiando.
1083 3442 1085 3446 ι

169 3506 310 3572 δι176τ
338 3502 485 3587 <Propter
514 3506 694 3589 pauperiem
723 3506 781 3571 hoc
811 3506 889 3570 adeo
918 3523 1030 3570 nomen
1056 3501 1204 3587 repperi'.

84 3611 160 3676 Hec.
177 3610 249 3674 821.
278 3611 335 3675 Ad.
353 3609 424 3672 699.
456 3608 521 3674 Mil.
542 3610 637 3674 1995:
666 3606 750 3675 ‘Hoc
772 3609 851 3675 adeo
872 3607 941 3674 fieri
964 3608 1056 3673 credo
1078 3627 1204 3676 consue-

85 3709 220 3780 tudine'.
249 3714 344 3778 Haut.
358 3712 449 3777 1054.
471 3711 565 3778 Mero.
579 3713 676 3778 1024:
694 3710 795 3778 ‘Haec
806 3712 884 3778 adeo
897 3712 983 3777 edico
996 3730 1033 3777 ex
1044 3712 1103 3777 hac
1114 3719 1206 3779 nocte

85 3815 218 3901 primum
241 3822 277 3881 ut
298 3816 348 3882 lex
370 3821 476 3881 teneat
496 3809 611 3882 senes'.
647 3816 743 3880 Naev.
760 3815 797 3880 fr.
814 3835 840 3881 c.
858 3816 907 3881 10.
930 3815 1005 3880 Hec.
1023 3815 1099 3881 690:
1123 3811 1206 3882 ‘Oui

85 3927 122 3986 tu
136 3921 305 3986 obsecutus
321 3917 396 3984 facis
412 3917 499 3983 huic
514 3917 592 3982 adeo
607 3915 779 3983 iniuriam'.
813 3919 925 3999 Amph.
942 3918 1014 3983 254.
1037 3919 1117 3984 Eun.
1133 3919 1206 3985 233.

85 4025 141 4090 Ph.
158 4024 231 4088 944.

173 4125 284 4208 Amph.
301 4124 378 4188 468:
408 4123 480 4189 ‘Ille
503 4124 580 4189 adeo
605 4123 691 4187 illum
715 4124 838 4190 mentiri
861 4125 919 4190 sibi
943 4126 1057 4191 credet.
