2888 4770
707 353 743 414 15

163 553 267 635 Atque
290 559 376 621 reete
402 571 458 619 nos
485 553 533 617 oio
560 554 698 621 scrihere
724 554 809 620 haud
838 554 903 621 seio
932 563 980 620 an·
1001 573 1038 623 eo
1068 557 1288 639 comprobetur

161 657 246 738 quod
269 658 324 738 qui
340 652 402 722 ‘ita
424 655 552 723 faciam'
576 658 686 740 legunt
714 657 753 724 de
783 661 882 723 metro
913 674 975 723 non
1004 659 1211 724 consentiunt.
1248 657 1286 724 ci.

161 759 292 838 Ritsohl‚
316 760 365 826 ed.
382 761 433 823 71.

247 861 387 945 Garptim
410 863 527 945 legitur
548 862 682 930 formula
704 858 766 928 ‘sio
787 860 873 928 faoe’
902 863 933 927 in
962 867 1106 927 sermone
1135 863 1203 929 eins
1230 862 1284 944 qui

163 964 294 1030 alterum
316 965 356 1030 ad
384 983 494 1031 aenam
522 965 636 1031 invitat
661 970 694 1033 et
722 964 871 1030 maiorem
899 964 932 1028 in
962 964 1087 1030 modum
1117 969 1155 1029 nt
1182 966 1288 1031 veniat

164 1070 262 1148 rogat.

226 1168 273 1235 St.
288 1170 361 1235 185:
385 1169 528 1236 Veniillo
541 1171 715 1236 aduenam:
732 1170 776 1236 sic
791 1169 868 1236 face.
896 1169 942 1234 St.
954 1168 1027 1231 473.
1050 1166 1238 1235 Mostllh9
1247 1170 1283 1234 R.

225 1272 344 1356 (coddt
379 1273 425 1340 sie
448 1273 524 1356 tale)
554 1273 740 1339 utcontra:
769 1268 834 1337 ‘ita
855 1269 977 1338 facito'.
1021 1271 1109 1337 Asin.
1125 1272 1197 1354 488,
1223 1268 1285 1338 ‘ita

224 1374 316 1440 velim
339 1374 451 1442 faoias’
476 1377 584 1459 Pomp.
607 1375 645 1442 fr..
668 1394 694 1441 o.
712 1376 764 1440 53.

159 1476 300 1558 Reliquis
322 1480 354 1543 in
377 1481 468 1560 iouis,
495 1481 549 1546 ubi
572 1479 619 1543 oio
641 1479 683 1544 ad
706 1496 849 1559 eaquae
874 1483 969 1544 antea
996 1478 1080 1544 diota
1110 1483 1185 1544 sunt
1205 1477 1286 1544 reie-

160 1581 291 1646 rendum
319 1587 384 1661 est,
416 1583 544 1664 gravior
572 1582 725 1666 quaedam
755 1582 803 1647 vis
835 1583 868 1646 in
890 1581 1045 1664 particula
1077 1581 1159 1646 inest
1191 1598 1284 1661 quam

160 1702 191 1749 ln
213 1685 271 1748 ito.

245 1786 298 1852 se
320 1791 402 1871 quod
425 1788 457 1852 in
480 1787 574 1853 Poen.
599 1808 646 1854 vv.
663 1789 708 1863 ΙΙ,
732 1788 771 1851 12
784 1805 843 1870 sq.:
872 1783 1011 1853 ‘Avarae
1036 1785 1150 1852 Veneri
1177 1786 1284 1868 pulcre

159 1891 222 1956 adii
238 1910 374 1969 manum,
395 1893 567 1974 quandoid
583 1892 666 1972 qnod
682 1897 732 1956 sat
747 1896 825 1966 erat.
849 1891 925 1954 satis
941 1890 1057 1956 habere
1072 1889 1181 1955 noluit.
1216 1890 1283 1970 Ego

158 2012 304 2076 panssam
326 1993 403 2058 ieci:
434 1995 478 2059 sic
500 2013 569 2075 ago,
592 1993 638 2058 sic
661 2012 710 2062 me
731 1990 846 2073 decet',
868 1992 985 2073 legitur
1000 1997 1049 2058 est
1062 1992 1198 2057 hominis
1210 2009 1284 2073 pro·

158 2097 239 2163 cacis
263 2103 295 2162 et
316 2096 483 2178 gloriosius
506 2096 546 2161 de
569 2115 603 2161 se
625 2095 846 2177 praedicantis.

243 2197 280 2262 In
312 2200 407 2265 Mero.
431 2219 479 2264 vv.
504 2199 566 2263 948
578 2216 641 2279 sq.z
671 2192 733 2264 ‘Ut
762 2196 910 2262 valuisti?
939 2198 1015 2279 qnid
1045 2202 1191 2279 parentes
1221 2197 1283 2262 mei

159 2301 287 2367 valent?
319 2303 396 2367 Tam
418 2303 566 2384 gratiast:
596 2303 677 2368 hene
699 2317 800 2379 vocas,
823 2300 958 2382 henigne
981 2299 1074 2381 dieis;
1102 2317 1172 2366 cras
1195 2299 1281 2381 apud
1351 2291 1352 2294 ’

158 2422 216 2484 me,
239 2422 322 2469 nuno
345 2403 444 2470 domi:
468 2406 513 2470 sio
535 2405 634 2485 decet,
657 2403 703 2470 sic
724 2402 793 2469 fieri
815 2401 967 2483 oportet'‚
998 2402 1164 2483 Charinus,
1187 2421 1281 2486 quem

158 2511 345 2572 commotum
368 2507 649 2588 perturbatumque
678 2525 747 2572 esse
775 2510 922 2588 apparet,
951 2505 1028 2573 haee
1055 2505 1204 2588 loquitur.
1242 2502 1280 2570 of.

159 2614 269 2674 contra
283 2606 359 2673 Hae.
377 2626 405 2672 v.
421 2608 499 2672 251:
523 2603 584 2673 ‘Ut
607 2606 687 2687 veni,
710 2606 818 2672 itidem
840 2605 995 2670 incertum
1017 2606 1166 2671 amisisti:
1196 2603 1281 2670 haud

157 2713 203 2779 ita
216 2711 333 2779 deoet'.
355 2711 504 2778 Mnaso:
515 2710 583 2777 ‘Ita
595 2712 685 2779 decet
696 2710 826 2777 faoere'.
851 2712 923 2776 896.
940 2710 1032 2793 Epid.
1045 2709 1118 2773 421.
1135 2707 1193 2772 Ad.
1206 2707 1279 2772 998.

558 2883 673 2944 Baooh.
688 2883 746 2942 331
758 2901 800 2958 sq.
822 2884 878 2943 nt:

313 3013 362 3071 Set
381 3013 447 3072 istie
466 3013 631 3072 Theotimus
650 3012 811 3074 divasnast?
829 3016 841 3084 ΙΙ
857 3012 951 3072 Etiam
971 3013 1074 3085 rogas?

309 3107 400 3179 Quina
420 3107 523 3167 haheat
543 3124 610 3166 auro
631 3107 721 3167 sooois
741 3108 907 3181 snppaotum
929 3104 1038 3164 solum?

311 3201 324 3268 ΙΙ
342 3202 418 3274 Quor
437 3202 479 3260 ita
499 3200 629 3260 fastidit?
645 3201 779 3277 undantes
800 3200 915 3260 divitias
935 3199 1030 3257 hahet.

241 3329 371 3397 Offendo
394 3332 426 3396 in
449 3331 552 3397 verbis
571 3323 668 3413 ‘quor
688 3329 734 3393 ita
755 3325 902 3402 fastidit,
924 3345 995 3392 cum
1018 3325 1080 3406 ita,
1103 3325 1157 3391 uhi
1179 3325 1219 3391 ad
1242 3345 1281 3393 ea

154 3452 237 3516 quae
259 3441 351 3500 antea
374 3439 502 3501 narrata
522 3438 596 3499 sunt
625 3438 763 3515 spectat,
795 3429 905 3496 mediis
934 3429 1087 3494 insertum
1115 3430 1279 3495 sententiis

156 3558 218 3604 non
240 3539 365 3621 legatur
386 3539 446 3603 nisi
468 3539 499 3602 in
522 3536 693 3602 enuntiatis
715 3537 828 3616 quibus
848 3534 928 3600 alter
949 3533 1039 3599 alteri
1055 3532 1225 3614 respondet
1246 3536 1279 3599 et

155 3659 236 3722 quae
258 3641 341 3706 alter
361 3641 441 3708 dixit
462 3641 646 3722 comprobat
667 3639 716 3704 vel
737 3638 897 3722 repudiat:

219 3742 315 3810 Mero.
332 3744 407 3808 393:
442 3744 568 3810 Nullam
581 3745 645 3809 vidi
666 3743 777 3809 melius
800 3762 869 3809 mea
891 3741 1047 3807 sententia
1069 3739 1084 3823 ΙΙ
1105 3738 1183 3804 Mihi
1201 3757 1278 3822 qno·

218 3866 280 3930 que
301 3848 346 3913 ita
371 3847 425 3929 pol
452 3846 561 3914 visast.
604 3845 695 3930 Gapt.
712 3845 782 3910 120.
812 3843 908 3911 Andr.
926 3842 997 3909 563.
1021 3843 1093 3907 915.
1122 3842 1188 3907 Mil.
1204 3843 1276 3907 369.

219 3946 345 4028 Gas.H‚
368 3950 398 4027 6,
420 3949 451 4013 8.
476 3948 586 4031 Amph.
604 3949 681 4012 575:
714 3947 815 4012 Homo
837 3946 887 4013 hie
908 3943 1030 4010 ebriust
1054 3978 1092 3990 -
1111 3944 1125 4026 ΙΙ
1147 3940 1277 4009 Utinam

218 4071 319 4118 essem
341 4053 387 4118 ita
410 4053 464 4136 (=
487 4052 533 4117 ita
555 4052 658 4117 velim.
691 4048 779 4116 Pers.
795 4050 868 4114 699.
890 4047 947 4112 Ph.
964 4046 1051 4129 855).
1084 4045 1183 4112 Haut.
1199 4047 1275 4110 161:

217 4155 345 4223 Utinam
368 4157 413 4221 ita
435 4156 466 4220 di
494 4154 594 4220 faxint
621 4153 672 4242 (of.
697 4154 740 4219 ita
768 4153 818 4219 dei
849 4152 949 4218 faxint
976 4150 1068 4217 Poen.
1087 4150 1141 4230 lv,
1165 4151 1198 4230 2,
1223 4150 1274 4214 89.
