<?xml version="1.0" encoding="UTF-8"?>
<!DOCTYPE html PUBLIC "-//W3C//DTD XHTML 1.0 Transitional//EN"
    "http://www.w3.org/TR/xhtml1/DTD/xhtml1-transitional.dtd">
<html xmlns="http://www.w3.org/1999/xhtml" xml:lang="en" lang="en">
 <head>
  <title>
</title>
<meta http-equiv="Content-Type" content="text/html;charset=utf-8" />
  <meta name='ocr-system' content='tesseract 3.04.00' />
  <meta name='ocr-capabilities' content='ocr_page ocr_carea ocr_par ocr_line ocrx_word'/>
</head>
<body>
  <div class='ocr_page' id='page_1' title='image "./observationesgr00braugoog/observationesgr00braugoog_0044.png"; bbox 0 0 2888 4770; ppageno 0'>
   <div class='ocr_carea' id='block_1_1' title="bbox 697 289 738 356">
    <p class='ocr_par' dir='ltr' id='par_1_1' title="bbox 697 289 738 356">
     <span class='ocr_line' id='line_1_1' title="bbox 697 289 738 356; baseline 0 0"><span class='ocrx_word' id='word_1_1' title='bbox 697 289 738 356; x_wconf 84' lang='lat'>39</span> 
     </span>
    </p>
   </div>
   <div class='ocr_carea' id='block_1_2' title="bbox 158 493 1282 1297">
    <p class='ocr_par' dir='ltr' id='par_1_2' title="bbox 159 493 1281 885">
     <span class='ocr_line' id='line_1_2' title="bbox 244 493 1281 578; baseline 0.005 -21"><span class='ocrx_word' id='word_1_2' title='bbox 244 493 282 558; x_wconf 94' lang='lat' dir='ltr'>In</span> <span class='ocrx_word' id='word_1_3' title='bbox 305 495 397 576; x_wconf 84' lang='lat' dir='ltr'>Epid.</span> <span class='ocrx_word' id='word_1_4' title='bbox 420 513 448 560; x_wconf 89' lang='grc'>0.</span> <span class='ocrx_word' id='word_1_5' title='bbox 466 495 527 561; x_wconf 83' lang='grc'>705</span> <span class='ocrx_word' id='word_1_6' title='bbox 559 496 619 559; x_wconf 76' lang='lat' dir='ltr'>iste</span> <span class='ocrx_word' id='word_1_7' title='bbox 645 497 819 578; x_wconf 87' lang='lat' dir='ltr'><strong>pronomini</strong></span> <span class='ocrx_word' id='word_1_8' title='bbox 849 494 929 562; x_wconf 84' lang='grc'><strong>0655</strong></span> <span class='ocrx_word' id='word_1_9' title='bbox 957 517 996 564; x_wconf 83' lang='lat' dir='ltr'>ex</span> <span class='ocrx_word' id='word_1_10' title='bbox 1022 497 1200 564; x_wconf 85' lang='lat' dir='ltr'>coniectura</span> <span class='ocrx_word' id='word_1_11' title='bbox 1226 497 1281 563; x_wconf 93' lang='lat' dir='ltr'>ad·</span> 
     </span>
     <span class='ocr_line' id='line_1_3' title="bbox 159 595 1281 679; baseline 0.004 -19"><span class='ocrx_word' id='word_1_12' title='bbox 159 614 272 662; x_wconf 89' lang='lat' dir='ltr'>nexum</span> <span class='ocrx_word' id='word_1_13' title='bbox 302 603 351 663; x_wconf 87' lang='lat' dir='ltr'>est</span> <span class='ocrx_word' id='word_1_14' title='bbox 378 603 410 663; x_wconf 92' lang='lat' dir='ltr'>et</span> <span class='ocrx_word' id='word_1_15' title='bbox 437 595 586 679; x_wconf 80' lang='lat' dir='ltr'>leguntur</span> <span class='ocrx_word' id='word_1_16' title='bbox 612 597 644 664; x_wconf 93' lang='lat' dir='ltr'>in</span> <span class='ocrx_word' id='word_1_17' title='bbox 671 600 829 666; x_wconf 87' lang='lat' dir='ltr'>veteribus</span> <span class='ocrx_word' id='word_1_18' title='bbox 857 599 1063 668; x_wconf 85' lang='lat' dir='ltr'>editionibus:</span> <span class='ocrx_word' id='word_1_19' title='bbox 1092 597 1180 664; x_wconf 81' lang='lat' dir='ltr'>‘Istis</span> <span class='ocrx_word' id='word_1_20' title='bbox 1203 599 1281 664; x_wconf 88' lang='lat' dir='ltr'>adeo</span> 
     </span>
     <span class='ocr_line' id='line_1_4' title="bbox 159 693 1280 784; baseline 0.003 -21"><span class='ocrx_word' id='word_1_21' title='bbox 159 705 191 764; x_wconf 91' lang='lat' dir='ltr'>te</span> <span class='ocrx_word' id='word_1_22' title='bbox 219 699 308 783; x_wconf 82' lang='lat' dir='ltr'>tetigi</span> <span class='ocrx_word' id='word_1_23' title='bbox 336 699 467 783; x_wconf 85' lang='lat' dir='ltr'>triginta</span> <span class='ocrx_word' id='word_1_24' title='bbox 493 697 598 765; x_wconf 90' lang='lat' dir='ltr'>minis’</span> <span class='ocrx_word' id='word_1_25' title='bbox 631 701 738 784; x_wconf 82' lang='lat' dir='ltr'>(Usst</span> <span class='ocrx_word' id='word_1_26' title='bbox 764 699 857 780; x_wconf 71' lang='grc' dir='ltr'>ι1505,</span> <span class='ocrx_word' id='word_1_27' title='bbox 890 701 1003 781; x_wconf 87' lang='lat' dir='ltr'>fateor,</span> <span class='ocrx_word' id='word_1_28' title='bbox 1034 703 1123 784; x_wconf 83' lang='lat' dir='ltr'>tetigi</span> <span class='ocrx_word' id='word_1_29' title='bbox 1152 708 1191 767; x_wconf 92' lang='lat' dir='ltr'>tr.</span> <span class='ocrx_word' id='word_1_30' title='bbox 1221 693 1280 780; x_wconf 89' lang='lat' dir='ltr'>m.&#39;,</span> 
     </span>
     <span class='ocr_line' id='line_1_5' title="bbox 161 799 902 885; baseline 0.001 -18"><span class='ocrx_word' id='word_1_31' title='bbox 161 801 275 869; x_wconf 86' lang='lat' dir='ltr'>Goetz:</span> <span class='ocrx_word' id='word_1_32' title='bbox 305 799 418 867; x_wconf 80' lang='lat' dir='ltr'>‘Istam</span> <span class='ocrx_word' id='word_1_33' title='bbox 440 803 480 868; x_wconf 92' lang='lat' dir='ltr'>ob</span> <span class='ocrx_word' id='word_1_34' title='bbox 502 821 568 866; x_wconf 91' lang='lat' dir='ltr'>rem</span> <span class='ocrx_word' id='word_1_35' title='bbox 590 807 624 867; x_wconf 91' lang='lat' dir='ltr'>te</span> <span class='ocrx_word' id='word_1_36' title='bbox 646 803 736 885; x_wconf 82' lang='lat' dir='ltr'>tetigi</span> <span class='ocrx_word' id='word_1_37' title='bbox 758 808 798 868; x_wconf 92' lang='lat' dir='ltr'>tr.</span> <span class='ocrx_word' id='word_1_38' title='bbox 821 803 902 885; x_wconf 74' lang='lat' dir='ltr'>m.’l.</span> 
     </span>
    </p>

    <p class='ocr_par' dir='ltr' id='par_1_3' title="bbox 158 905 1282 1297">
     <span class='ocr_line' id='line_1_6' title="bbox 245 905 1282 990; baseline 0.004 -20"><span class='ocrx_word' id='word_1_39' title='bbox 245 905 337 988; x_wconf 84' lang='lat' dir='ltr'>Epid.</span> <span class='ocrx_word' id='word_1_40' title='bbox 363 906 422 969; x_wconf 85' lang='lat'>166</span> <span class='ocrx_word' id='word_1_41' title='bbox 434 923 496 987; x_wconf 86' lang='lat' dir='ltr'>sq.:</span> <span class='ocrx_word' id='word_1_42' title='bbox 525 905 684 986; x_wconf 82' lang='lat' dir='ltr'>‘Plerique</span> <span class='ocrx_word' id='word_1_43' title='bbox 714 907 854 974; x_wconf 88' lang='lat' dir='ltr'>homines</span> <span class='ocrx_word' id='word_1_44' title='bbox 881 925 959 990; x_wconf 88' lang='lat' dir='ltr'>quos</span> <span class='ocrx_word' id='word_1_45' title='bbox 992 924 1086 988; x_wconf 87' lang='lat' dir='ltr'>quom</span> <span class='ocrx_word' id='word_1_46' title='bbox 1115 908 1158 973; x_wconf 94' lang='lat' dir='ltr'>nil</span> <span class='ocrx_word' id='word_1_47' title='bbox 1185 907 1282 974; x_wconf 87' lang='lat' dir='ltr'>refert</span> 
     </span>
     <span class='ocr_line' id='line_1_7' title="bbox 159 1008 1280 1091; baseline 0.004 -20"><span class='ocrx_word' id='word_1_48' title='bbox 159 1008 266 1090; x_wconf 87' lang='lat' dir='ltr'>pudet,</span> <span class='ocrx_word' id='word_1_49' title='bbox 289 1026 384 1089; x_wconf 89' lang='lat' dir='ltr'>quom</span> <span class='ocrx_word' id='word_1_50' title='bbox 400 1017 491 1074; x_wconf 90' lang='lat' dir='ltr'>usust</span> <span class='ocrx_word' id='word_1_51' title='bbox 507 1016 542 1074; x_wconf 91' lang='lat' dir='ltr'>ut</span> <span class='ocrx_word' id='word_1_52' title='bbox 556 1010 704 1090; x_wconf 86' lang='lat' dir='ltr'>pudeant,</span> <span class='ocrx_word' id='word_1_53' title='bbox 724 1010 768 1076; x_wconf 92' lang='lat' dir='ltr'>ibi</span> <span class='ocrx_word' id='word_1_54' title='bbox 791 1029 844 1077; x_wconf 88' lang='lat' dir='ltr'>eos</span> <span class='ocrx_word' id='word_1_55' title='bbox 867 1011 984 1077; x_wconf 89' lang='lat' dir='ltr'>deserit</span> <span class='ocrx_word' id='word_1_56' title='bbox 1005 1012 1115 1091; x_wconf 89' lang='lat' dir='ltr'>pudor.</span> <span class='ocrx_word' id='word_1_57' title='bbox 1148 1008 1180 1075; x_wconf 92' lang='lat' dir='ltr'>ls</span> <span class='ocrx_word' id='word_1_58' title='bbox 1202 1012 1280 1077; x_wconf 85' lang='lat' dir='ltr'>adeo</span> 
     </span>
     <span class='ocr_line' id='line_1_8' title="bbox 158 1109 1280 1199; baseline 0.004 -24"><span class='ocrx_word' id='word_1_59' title='bbox 158 1109 242 1176; x_wconf 89' lang='lat' dir='ltr'>tu’s’.</span> <span class='ocrx_word' id='word_1_60' title='bbox 267 1113 336 1176; x_wconf 86' lang='lat' dir='ltr'>Aul.</span> <span class='ocrx_word' id='word_1_61' title='bbox 350 1112 427 1176; x_wconf 76' lang='lat'><strong>290:</strong></span> <span class='ocrx_word' id='word_1_62' title='bbox 445 1110 563 1179; x_wconf 83' lang='lat' dir='ltr'>‘Vicini</span> <span class='ocrx_word' id='word_1_63' title='bbox 575 1115 667 1180; x_wconf 87' lang='lat' dir='ltr'>huius</span> <span class='ocrx_word' id='word_1_64' title='bbox 680 1114 838 1180; x_wconf 87' lang='lat' dir='ltr'>Euclionis</span> <span class='ocrx_word' id='word_1_65' title='bbox 849 1115 920 1180; x_wconf 90' lang='lat' dir='ltr'>hino</span> <span class='ocrx_word' id='word_1_66' title='bbox 932 1134 949 1179; x_wconf 94' lang='lat' dir='ltr'>e</span> <span class='ocrx_word' id='word_1_67' title='bbox 961 1132 1113 1196; x_wconf 87' lang='lat' dir='ltr'>proxumo</span> <span class='ocrx_word' id='word_1_68' title='bbox 1126 1115 1181 1199; x_wconf 87' lang='lat' dir='ltr'>(so.</span> <span class='ocrx_word' id='word_1_69' title='bbox 1194 1115 1280 1180; x_wconf 93' lang='lat' dir='ltr'>dncit</span> 
     </span>
     <span class='ocr_line' id='line_1_9' title="bbox 158 1212 1095 1297; baseline 0.003 -19"><span class='ocrx_word' id='word_1_70' title='bbox 158 1212 278 1297; x_wconf 89' lang='lat' dir='ltr'>filiam).</span> <span class='ocrx_word' id='word_1_71' title='bbox 311 1215 351 1279; x_wconf 83' lang='lat' dir='ltr'>ili</span> <span class='ocrx_word' id='word_1_72' title='bbox 373 1215 452 1281; x_wconf 90' lang='lat' dir='ltr'>adeo</span> <span class='ocrx_word' id='word_1_73' title='bbox 475 1216 585 1282; x_wconf 91' lang='lat' dir='ltr'>obsoni</span> <span class='ocrx_word' id='word_1_74' title='bbox 606 1217 679 1282; x_wconf 93' lang='lat' dir='ltr'>hine</span> <span class='ocrx_word' id='word_1_75' title='bbox 702 1219 863 1283; x_wconf 91' lang='lat' dir='ltr'>dimidium</span> <span class='ocrx_word' id='word_1_76' title='bbox 887 1216 980 1282; x_wconf 90' lang='lat' dir='ltr'>iussit</span> <span class='ocrx_word' id='word_1_77' title='bbox 1001 1215 1095 1282; x_wconf 86' lang='lat' dir='ltr'>dari’.</span> 
     </span>
    </p>
   </div>
   <div class='ocr_carea' id='block_1_3' title="bbox 159 1367 1237 1526">
    <p class='ocr_par' dir='ltr' id='par_1_4' title="bbox 159 1367 1237 1526">
     <span class='ocr_line' id='line_1_10' title="bbox 159 1367 1237 1444; baseline 0.003 -16"><span class='ocrx_word' id='word_1_78' title='bbox 159 1369 212 1428; x_wconf 88' lang='lat' dir='ltr'>Ad.</span> <span class='ocrx_word' id='word_1_79' title='bbox 227 1375 279 1429; x_wconf 81' lang='lat'>40:</span> <span class='ocrx_word' id='word_1_80' title='bbox 305 1367 413 1444; x_wconf 80' lang='lat' dir='ltr'>‘Atque</span> <span class='ocrx_word' id='word_1_81' title='bbox 432 1387 466 1432; x_wconf 84' lang='lat' dir='ltr'>ox</span> <span class='ocrx_word' id='word_1_82' title='bbox 487 1387 531 1430; x_wconf 90' lang='lat' dir='ltr'>me</span> <span class='ocrx_word' id='word_1_83' title='bbox 551 1371 598 1430; x_wconf 91' lang='lat' dir='ltr'>hie</span> <span class='ocrx_word' id='word_1_84' title='bbox 618 1374 701 1430; x_wconf 90' lang='lat' dir='ltr'>natus</span> <span class='ocrx_word' id='word_1_85' title='bbox 722 1389 777 1431; x_wconf 91' lang='lat' dir='ltr'>non</span> <span class='ocrx_word' id='word_1_86' title='bbox 798 1374 842 1431; x_wconf 89' lang='lat' dir='ltr'>est</span> <span class='ocrx_word' id='word_1_87' title='bbox 861 1373 910 1432; x_wconf 89' lang='lat' dir='ltr'>sed</span> <span class='ocrx_word' id='word_1_88' title='bbox 931 1389 965 1432; x_wconf 84' lang='lat' dir='ltr'>ex</span> <span class='ocrx_word' id='word_1_89' title='bbox 986 1371 1080 1432; x_wconf 85' lang='lat' dir='ltr'>fratre.</span> <span class='ocrx_word' id='word_1_90' title='bbox 1120 1373 1150 1431; x_wconf 87' lang='lat' dir='ltr'>Is</span> <span class='ocrx_word' id='word_1_91' title='bbox 1169 1372 1237 1433; x_wconf 88' lang='grc'><strong>5650</strong></span> 
     </span>
     <span class='ocr_line' id='line_1_11' title="bbox 303 1465 1074 1526; baseline -0.001 -2"><span class='ocrx_word' id='word_1_92' title='bbox 303 1465 444 1525; x_wconf 83' lang='lat' dir='ltr'>Dissimili</span> <span class='ocrx_word' id='word_1_93' title='bbox 463 1465 556 1526; x_wconf 89' lang='lat' dir='ltr'>studio</span> <span class='ocrx_word' id='word_1_94' title='bbox 576 1469 620 1525; x_wconf 88' lang='lat' dir='ltr'>est</span> <span class='ocrx_word' id='word_1_95' title='bbox 640 1467 696 1525; x_wconf 85' lang='lat' dir='ltr'>iam</span> <span class='ocrx_word' id='word_1_96' title='bbox 716 1465 782 1526; x_wconf 92' lang='lat' dir='ltr'>iude</span> <span class='ocrx_word' id='word_1_97' title='bbox 802 1467 838 1526; x_wconf 87' lang='lat' dir='ltr'>ab</span> <span class='ocrx_word' id='word_1_98' title='bbox 860 1466 1074 1525; x_wconf 86' lang='lat' dir='ltr'>adnleseentia’.</span> 
     </span>
    </p>
   </div>
   <div class='ocr_carea' id='block_1_4' title="bbox 67 1608 1279 3038">
    <p class='ocr_par' dir='ltr' id='par_1_5' title="bbox 156 1608 1279 2111">
     <span class='ocr_line' id='line_1_12' title="bbox 157 1608 1279 1696; baseline 0.003 -23"><span class='ocrx_word' id='word_1_99' title='bbox 157 1608 209 1676; x_wconf 92' lang='lat' dir='ltr'>Sic</span> <span class='ocrx_word' id='word_1_100' title='bbox 226 1611 491 1696; x_wconf 85' lang='lat' dir='ltr'>llmpfenbachius</span> <span class='ocrx_word' id='word_1_101' title='bbox 511 1614 612 1679; x_wconf 91' lang='lat' dir='ltr'>locum</span> <span class='ocrx_word' id='word_1_102' title='bbox 629 1612 756 1695; x_wconf 85' lang='lat' dir='ltr'>scripsit</span> <span class='ocrx_word' id='word_1_103' title='bbox 772 1613 942 1679; x_wconf 89' lang='lat' dir='ltr'>secuudum</span> <span class='ocrx_word' id='word_1_104' title='bbox 957 1612 1080 1679; x_wconf 85' lang='lat' dir='ltr'>codices</span> <span class='ocrx_word' id='word_1_105' title='bbox 1096 1631 1203 1678; x_wconf 89' lang='lat' dir='ltr'>omnes</span> <span class='ocrx_word' id='word_1_106' title='bbox 1216 1631 1279 1677; x_wconf 91' lang='lat' dir='ltr'>nno</span> 
     </span>
     <span class='ocr_line' id='line_1_13' title="bbox 158 1713 1278 1807; baseline -0.003 -27"><span class='ocrx_word' id='word_1_107' title='bbox 158 1722 287 1798; x_wconf 85' lang='lat' dir='ltr'>excepto</span> <span class='ocrx_word' id='word_1_108' title='bbox 303 1716 454 1783; x_wconf 91' lang='lat' dir='ltr'>Bembino</span> <span class='ocrx_word' id='word_1_109' title='bbox 472 1718 628 1801; x_wconf 87' lang='lat' dir='ltr'>(Donatus</span> <span class='ocrx_word' id='word_1_110' title='bbox 644 1737 767 1801; x_wconf 88' lang='lat' dir='ltr'>quoque</span> <span class='ocrx_word' id='word_1_111' title='bbox 783 1717 846 1782; x_wconf 87' lang='lat' dir='ltr'>iam</span> <span class='ocrx_word' id='word_1_112' title='bbox 862 1736 985 1782; x_wconf 86' lang='lat' dir='ltr'>versum</span> <span class='ocrx_word' id='word_1_113' title='bbox 1001 1715 1046 1782; x_wconf 88' lang='lat' dir='ltr'>sic</span> <span class='ocrx_word' id='word_1_114' title='bbox 1057 1715 1156 1807; x_wconf 73' lang='lat' dir='ltr'>legit).</span> <span class='ocrx_word' id='word_1_115' title='bbox 1190 1713 1278 1778; x_wconf 86' lang='lat' dir='ltr'>Adeo</span> 
     </span>
     <span class='ocr_line' id='line_1_14' title="bbox 157 1817 1278 1903; baseline -0.001 -21"><span class='ocrx_word' id='word_1_116' title='bbox 157 1817 335 1898; x_wconf 89' lang='lat' dir='ltr'>pronomini</span> <span class='ocrx_word' id='word_1_117' title='bbox 362 1821 392 1883; x_wconf 80' lang='lat' dir='ltr'>is</span> <span class='ocrx_word' id='word_1_118' title='bbox 424 1822 566 1887; x_wconf 86' lang='lat' dir='ltr'>additum</span> <span class='ocrx_word' id='word_1_119' title='bbox 600 1828 664 1897; x_wconf 88' lang='lat' dir='ltr'>est,</span> <span class='ocrx_word' id='word_1_120' title='bbox 696 1821 769 1903; x_wconf 90' lang='lat' dir='ltr'>quia</span> <span class='ocrx_word' id='word_1_121' title='bbox 799 1820 831 1884; x_wconf 93' lang='lat' dir='ltr'>in</span> <span class='ocrx_word' id='word_1_122' title='bbox 860 1818 988 1884; x_wconf 86' lang='lat' dir='ltr'>fratrem</span> <span class='ocrx_word' id='word_1_123' title='bbox 1022 1820 1136 1883; x_wconf 79' lang='lat' dir='ltr'>transit</span> <span class='ocrx_word' id='word_1_124' title='bbox 1168 1819 1278 1884; x_wconf 86' lang='lat' dir='ltr'>oratio.</span> 
     </span>
     <span class='ocr_line' id='line_1_15' title="bbox 156 1921 1279 2006; baseline -0.001 -21"><span class='ocrx_word' id='word_1_125' title='bbox 156 1921 376 1989; x_wconf 87' lang='lat' dir='ltr'>Fleckeisenus</span> <span class='ocrx_word' id='word_1_126' title='bbox 399 1925 600 2006; x_wconf 87' lang='lat' dir='ltr'>Bembinum,</span> <span class='ocrx_word' id='word_1_127' title='bbox 630 1926 719 1991; x_wconf 89' lang='lat' dir='ltr'>euius</span> <span class='ocrx_word' id='word_1_128' title='bbox 742 1923 833 1990; x_wconf 91' lang='lat' dir='ltr'>lectio</span> <span class='ocrx_word' id='word_1_129' title='bbox 856 1942 876 1988; x_wconf 90' lang='grc'>5</span> <span class='ocrx_word' id='word_1_130' title='bbox 897 1927 1073 1988; x_wconf 86' lang='grc'><strong>5000550005</strong></span> <span class='ocrx_word' id='word_1_131' title='bbox 1095 1921 1211 1986; x_wconf 86' lang='lat' dir='ltr'>recenti</span> <span class='ocrx_word' id='word_1_132' title='bbox 1233 1921 1279 1984; x_wconf 91' lang='lat' dir='ltr'>in·</span> 
     </span>
     <span class='ocr_line' id='line_1_16' title="bbox 158 2024 1099 2111; baseline -0.001 -22"><span class='ocrx_word' id='word_1_133' title='bbox 158 2025 253 2091; x_wconf 90' lang='lat' dir='ltr'>dueta</span> <span class='ocrx_word' id='word_1_134' title='bbox 275 2027 408 2107; x_wconf 83' lang='lat' dir='ltr'>videtur,</span> <span class='ocrx_word' id='word_1_135' title='bbox 432 2035 560 2094; x_wconf 87' lang='lat' dir='ltr'>secutus</span> <span class='ocrx_word' id='word_1_136' title='bbox 582 2047 639 2111; x_wconf 90' lang='lat' dir='ltr'>pro</span> <span class='ocrx_word' id='word_1_137' title='bbox 661 2029 691 2092; x_wconf 77' lang='lat' dir='ltr'>io</span> <span class='ocrx_word' id='word_1_138' title='bbox 714 2024 793 2092; x_wconf 86' lang='lat' dir='ltr'>odeo</span> <span class='ocrx_word' id='word_1_139' title='bbox 815 2026 941 2093; x_wconf 85' lang='lat' dir='ltr'>exhibet</span> <span class='ocrx_word' id='word_1_140' title='bbox 963 2046 1002 2088; x_wconf 77' lang='grc'>55</span> <span class='ocrx_word' id='word_1_141' title='bbox 1024 2046 1099 2090; x_wconf 84' lang='lat' dir='ltr'>meo.</span> 
     </span>
    </p>

    <p class='ocr_par' dir='ltr' id='par_1_6' title="bbox 156 2125 1278 2504">
     <span class='ocr_line' id='line_1_17' title="bbox 242 2125 1278 2213; baseline -0.001 -20"><span class='ocrx_word' id='word_1_142' title='bbox 242 2130 323 2195; x_wconf 90' lang='lat' dir='ltr'>Rud.</span> <span class='ocrx_word' id='word_1_143' title='bbox 347 2132 424 2213; x_wconf 89' lang='lat' dir='ltr'>prol.</span> <span class='ocrx_word' id='word_1_144' title='bbox 441 2133 493 2196; x_wconf 86' lang='grc'><strong>36.</strong></span> <span class='ocrx_word' id='word_1_145' title='bbox 522 2131 578 2197; x_wconf 92' lang='lat' dir='ltr'>Ph.</span> <span class='ocrx_word' id='word_1_146' title='bbox 597 2132 669 2197; x_wconf 82' lang='grc'><strong>645.</strong></span> <span class='ocrx_word' id='word_1_147' title='bbox 698 2129 810 2213; x_wconf 87' lang='lat' dir='ltr'><strong>Amph.</strong></span> <span class='ocrx_word' id='word_1_148' title='bbox 832 2131 903 2195; x_wconf 89' lang='grc'><strong>952.</strong></span> <span class='ocrx_word' id='word_1_149' title='bbox 932 2130 1025 2195; x_wconf 92' lang='lat' dir='ltr'>Most.</span> <span class='ocrx_word' id='word_1_150' title='bbox 1049 2128 1126 2195; x_wconf 80' lang='lat'><strong>477:</strong></span> <span class='ocrx_word' id='word_1_151' title='bbox 1154 2125 1278 2192; x_wconf 75' lang='lat' dir='ltr'>‘Scelus</span> 
     </span>
     <span class='ocr_line' id='line_1_18' title="bbox 156 2228 1277 2315; baseline -0.001 -20"><span class='ocrx_word' id='word_1_152' title='bbox 156 2229 305 2298; x_wconf 83' lang='lat' dir='ltr'>factumst</span> <span class='ocrx_word' id='word_1_153' title='bbox 327 2235 389 2299; x_wconf 89' lang='lat' dir='ltr'>iam</span> <span class='ocrx_word' id='word_1_154' title='bbox 412 2236 465 2299; x_wconf 93' lang='lat' dir='ltr'>diu</span> <span class='ocrx_word' id='word_1_155' title='bbox 488 2235 648 2315; x_wconf 91' lang='lat' dir='ltr'>antiquom</span> <span class='ocrx_word' id='word_1_156' title='bbox 671 2239 830 2298; x_wconf 84' lang='lat' dir='ltr'>etvetus:</span> <span class='ocrx_word' id='word_1_157' title='bbox 865 2233 896 2296; x_wconf 93' lang='lat' dir='ltr'>id</span> <span class='ocrx_word' id='word_1_158' title='bbox 920 2232 997 2297; x_wconf 91' lang='lat' dir='ltr'>adeo</span> <span class='ocrx_word' id='word_1_159' title='bbox 1027 2249 1084 2296; x_wconf 89' lang='lat' dir='ltr'>nos</span> <span class='ocrx_word' id='word_1_160' title='bbox 1111 2249 1193 2296; x_wconf 89' lang='lat' dir='ltr'>nunc</span> <span class='ocrx_word' id='word_1_161' title='bbox 1215 2228 1277 2295; x_wconf 84' lang='lat' dir='ltr'>lac-</span> 
     </span>
     <span class='ocr_line' id='line_1_19' title="bbox 156 2332 1275 2422; baseline -0.001 -22"><span class='ocrx_word' id='word_1_162' title='bbox 156 2342 224 2401; x_wconf 93' lang='lat' dir='ltr'>tum</span> <span class='ocrx_word' id='word_1_163' title='bbox 253 2336 454 2403; x_wconf 89' lang='lat' dir='ltr'>invenimns’.</span> <span class='ocrx_word' id='word_1_164' title='bbox 504 2339 596 2422; x_wconf 88' lang='lat' dir='ltr'>Epid.</span> <span class='ocrx_word' id='word_1_165' title='bbox 618 2337 668 2402; x_wconf 87' lang='lat'>53.</span> <span class='ocrx_word' id='word_1_166' title='bbox 697 2335 765 2403; x_wconf 89' lang='lat' dir='ltr'>Aul.</span> <span class='ocrx_word' id='word_1_167' title='bbox 790 2337 862 2401; x_wconf 90' lang='grc'><strong>623.</strong></span> <span class='ocrx_word' id='word_1_168' title='bbox 892 2334 963 2402; x_wconf 91' lang='lat' dir='ltr'>Aul.</span> <span class='ocrx_word' id='word_1_169' title='bbox 985 2333 1057 2398; x_wconf 79' lang='lat'>739.</span> <span class='ocrx_word' id='word_1_170' title='bbox 1087 2335 1179 2420; x_wconf 75' lang='lat' dir='ltr'>Epid.</span> <span class='ocrx_word' id='word_1_171' title='bbox 1203 2332 1275 2399; x_wconf 86' lang='grc'><strong>215.</strong></span> 
     </span>
     <span class='ocr_line' id='line_1_20' title="bbox 156 2439 344 2504; baseline 0.005 -1"><span class='ocrx_word' id='word_1_172' title='bbox 156 2439 344 2504; x_wconf 73' lang='lat' dir='ltr'>andalae.</span> 
     </span>
    </p>

    <p class='ocr_par' dir='ltr' id='par_1_7' title="bbox 241 2536 1276 2627">
     <span class='ocr_line' id='line_1_21' title="bbox 241 2536 1276 2627; baseline -0.005 -19"><span class='ocrx_word' id='word_1_173' title='bbox 241 2544 338 2610; x_wconf 88' lang='lat' dir='ltr'>Haut.</span> <span class='ocrx_word' id='word_1_174' title='bbox 362 2543 459 2609; x_wconf 85' lang='lat'>1004:</span> <span class='ocrx_word' id='word_1_175' title='bbox 488 2536 630 2627; x_wconf 75' lang='lat' dir='ltr'>‘Aliquid</span> <span class='ocrx_word' id='word_1_176' title='bbox 660 2550 754 2626; x_wconf 82' lang='lat' dir='ltr'>gnato</span> <span class='ocrx_word' id='word_1_177' title='bbox 784 2541 927 2609; x_wconf 87' lang='lat' dir='ltr'>conficies</span> <span class='ocrx_word' id='word_1_178' title='bbox 957 2542 1045 2607; x_wconf 89' lang='lat' dir='ltr'>mali:</span> <span class='ocrx_word' id='word_1_179' title='bbox 1075 2539 1170 2622; x_wconf 90' lang='lat' dir='ltr'>idque</span> <span class='ocrx_word' id='word_1_180' title='bbox 1198 2538 1276 2604; x_wconf 90' lang='lat' dir='ltr'>adeo</span> 
     </span>
    </p>

    <p class='ocr_par' dir='ltr' id='par_1_8' title="bbox 67 2640 1276 2918">
     <span class='ocr_line' id='line_1_22' title="bbox 89 2640 1275 2736; baseline -0.003 -27"><span class='ocrx_word' id='word_1_181' title='bbox 89 2640 91 2642; x_wconf 67' lang='grc'><strong>’</strong></span> <span class='ocrx_word' id='word_1_182' title='bbox 157 2644 254 2710; x_wconf 93' lang='lat' dir='ltr'>miror</span> <span class='ocrx_word' id='word_1_183' title='bbox 277 2644 357 2712; x_wconf 84' lang='lat' dir='ltr'>eto&#39;.</span> <span class='ocrx_word' id='word_1_184' title='bbox 390 2645 471 2714; x_wconf 83' lang='lat' dir='ltr'>Eun.</span> <span class='ocrx_word' id='word_1_185' title='bbox 487 2646 565 2712; x_wconf 85' lang='lat'>545:</span> <span class='ocrx_word' id='word_1_186' title='bbox 594 2645 707 2729; x_wconf 83' lang='lat' dir='ltr'>‘ldqne</span> <span class='ocrx_word' id='word_1_187' title='bbox 730 2646 809 2711; x_wconf 87' lang='lat' dir='ltr'>adeo</span> <span class='ocrx_word' id='word_1_188' title='bbox 832 2642 957 2736; x_wconf 84' lang='lat' dir='ltr'>visam’.</span> <span class='ocrx_word' id='word_1_189' title='bbox 988 2641 1083 2711; x_wconf 91' lang='lat' dir='ltr'>Poen.</span> <span class='ocrx_word' id='word_1_190' title='bbox 1099 2642 1157 2722; x_wconf 90' lang='lat' dir='ltr'>III,</span> <span class='ocrx_word' id='word_1_191' title='bbox 1174 2642 1204 2722; x_wconf 84' lang='lat'>5,</span> <span class='ocrx_word' id='word_1_192' title='bbox 1220 2641 1275 2706; x_wconf 87' lang='lat'>36:</span> 
     </span>
     <span class='ocr_line' id='line_1_23' title="bbox 67 2741 1276 2830; baseline -0.001 -19"><span class='ocrx_word' id='word_1_193' title='bbox 67 2820 72 2826; x_wconf 47' lang='grc'><strong>,</strong></span> <span class='ocrx_word' id='word_1_194' title='bbox 153 2741 266 2830; x_wconf 87' lang='lat' dir='ltr'>‘quue</span> <span class='ocrx_word' id='word_1_195' title='bbox 298 2750 378 2816; x_wconf 97' lang='grc'><strong>5650</strong></span> <span class='ocrx_word' id='word_1_196' title='bbox 410 2748 518 2816; x_wconf 90' lang='lat' dir='ltr'>inest’.</span> <span class='ocrx_word' id='word_1_197' title='bbox 565 2751 662 2817; x_wconf 86' lang='lat' dir='ltr'>Andr.</span> <span class='ocrx_word' id='word_1_198' title='bbox 683 2750 760 2816; x_wconf 81' lang='lat'>585:</span> <span class='ocrx_word' id='word_1_199' title='bbox 777 2747 901 2830; x_wconf 64' lang='lat' dir='ltr'>‘quue</span> <span class='ocrx_word' id='word_1_200' title='bbox 934 2750 1013 2814; x_wconf 88' lang='grc'><strong>5650</strong></span> <span class='ocrx_word' id='word_1_201' title='bbox 1045 2751 1188 2812; x_wconf 89' lang='lat' dir='ltr'>metuens</span> <span class='ocrx_word' id='word_1_202' title='bbox 1221 2763 1276 2810; x_wconf 89' lang='lat' dir='ltr'>vos</span> 
     </span>
     <span class='ocr_line' id='line_1_24' title="bbox 156 2851 279 2918; baseline -0.016 -1"><span class='ocrx_word' id='word_1_203' title='bbox 156 2851 279 2918; x_wconf 86' lang='lat' dir='ltr'>celavi’.</span> 
     </span>
    </p>

    <p class='ocr_par' dir='ltr' id='par_1_9' title="bbox 241 2951 1276 3038">
     <span class='ocr_line' id='line_1_25' title="bbox 241 2951 1276 3038; baseline -0.001 -19"><span class='ocrx_word' id='word_1_204' title='bbox 241 2955 389 3021; x_wconf 89' lang='lat' dir='ltr'>Fortasse</span> <span class='ocrx_word' id='word_1_205' title='bbox 411 2953 490 3019; x_wconf 83' lang='lat' dir='ltr'>adeo</span> <span class='ocrx_word' id='word_1_206' title='bbox 513 2956 607 3022; x_wconf 89' lang='lat' dir='ltr'>etiam</span> <span class='ocrx_word' id='word_1_207' title='bbox 631 2955 735 3038; x_wconf 90' lang='lat' dir='ltr'>aptius</span> <span class='ocrx_word' id='word_1_208' title='bbox 750 2956 916 3036; x_wconf 83' lang='lat' dir='ltr'>legendum</span> <span class='ocrx_word' id='word_1_209' title='bbox 932 2953 1026 3020; x_wconf 89' lang='lat' dir='ltr'>estin</span> <span class='ocrx_word' id='word_1_210' title='bbox 1042 2954 1137 3019; x_wconf 87' lang='lat' dir='ltr'>Mero.</span> <span class='ocrx_word' id='word_1_211' title='bbox 1153 2959 1183 3017; x_wconf 86' lang='lat' dir='ltr'>v&#39;.</span> <span class='ocrx_word' id='word_1_212' title='bbox 1198 2951 1276 3018; x_wconf 79' lang='lat'>547:</span> 
     </span>
    </p>
   </div>
   <div class='ocr_carea' id='block_1_5' title="bbox 254 3089 1100 3262">
    <p class='ocr_par' dir='ltr' id='par_1_10' title="bbox 254 3089 1100 3262">
     <span class='ocr_line' id='line_1_26' title="bbox 254 3089 1032 3167; baseline -0.005 -15"><span class='ocrx_word' id='word_1_213' title='bbox 254 3090 359 3152; x_wconf 80' lang='lat' dir='ltr'>‘Breve</span> <span class='ocrx_word' id='word_1_214' title='bbox 381 3092 591 3167; x_wconf 72' lang='lat' dir='ltr'>reliquentem</span> <span class='ocrx_word' id='word_1_215' title='bbox 613 3092 687 3151; x_wconf 85' lang='lat' dir='ltr'>vitae</span> <span class='ocrx_word' id='word_1_216' title='bbox 707 3091 870 3166; x_wconf 88' lang='lat' dir='ltr'>spatiumst:</span> <span class='ocrx_word' id='word_1_217' title='bbox 896 3090 935 3162; x_wconf 90' lang='lat' dir='ltr'>[id</span> <span class='ocrx_word' id='word_1_218' title='bbox 956 3089 1032 3164; x_wconf 90' lang='grc'><strong>5650]</strong></span> 
     </span>
     <span class='ocr_line' id='line_1_27' title="bbox 259 3181 1100 3262; baseline -0.012 -12"><span class='ocrx_word' id='word_1_219' title='bbox 259 3187 419 3262; x_wconf 76' lang='lat' dir='ltr'>Voluptate,</span> <span class='ocrx_word' id='word_1_220' title='bbox 439 3188 514 3262; x_wconf 83' lang='lat' dir='ltr'>sino,</span> <span class='ocrx_word' id='word_1_221' title='bbox 534 3187 627 3247; x_wconf 84' lang='grc'><strong>500605</strong></span> <span class='ocrx_word' id='word_1_222' title='bbox 648 3181 847 3256; x_wconf 65' lang='lat' dir='ltr'>delectatam,</span> <span class='ocrx_word' id='word_1_223' title='bbox 869 3188 927 3257; x_wconf 64' lang='lat' dir='ltr'>(se</span> <span class='ocrx_word' id='word_1_224' title='bbox 948 3187 979 3241; x_wconf 76' lang='lat' dir='ltr'>iol</span> <span class='ocrx_word' id='word_1_225' title='bbox 997 3186 1100 3258; x_wconf 72' lang='grc'><strong>055050).</strong></span> 
     </span>
    </p>
   </div>
   <div class='ocr_carea' id='block_1_6' title="bbox 158 3316 1204 3528">
    <p class='ocr_par' dir='ltr' id='par_1_11' title="bbox 158 3316 1204 3528">
     <span class='ocr_line' id='line_1_28' title="bbox 158 3316 526 3383; baseline 0.003 -1"><span class='ocrx_word' id='word_1_226' title='bbox 158 3317 243 3382; x_wconf 92' lang='lat' dir='ltr'>etin</span> <span class='ocrx_word' id='word_1_227' title='bbox 267 3316 380 3382; x_wconf 87' lang='lat' dir='ltr'>Bacch.</span> <span class='ocrx_word' id='word_1_228' title='bbox 404 3335 431 3380; x_wconf 91' lang='lat' dir='ltr'>v.</span> <span class='ocrx_word' id='word_1_229' title='bbox 448 3316 526 3383; x_wconf 83' lang='lat'><strong>269:</strong></span> 
     </span>
     <span class='ocr_line' id='line_1_29' title="bbox 252 3451 1204 3528; baseline -0.005 -16"><span class='ocrx_word' id='word_1_230' title='bbox 252 3451 393 3513; x_wconf 68' lang='lat' dir='ltr'>‘Habetin</span> <span class='ocrx_word' id='word_1_231' title='bbox 413 3453 531 3513; x_wconf 80' lang='lat' dir='ltr'>aurum?</span> <span class='ocrx_word' id='word_1_232' title='bbox 561 3454 593 3513; x_wconf 92' lang='lat' dir='ltr'>Id</span> <span class='ocrx_word' id='word_1_233' title='bbox 615 3453 708 3528; x_wconf 78' lang='grc'><strong>[5650]</strong></span> <span class='ocrx_word' id='word_1_234' title='bbox 728 3453 797 3512; x_wconf 88' lang='lat' dir='ltr'>mihi</span> <span class='ocrx_word' id='word_1_235' title='bbox 818 3451 874 3512; x_wconf 92' lang='lat' dir='ltr'>diei</span> <span class='ocrx_word' id='word_1_236' title='bbox 894 3452 955 3513; x_wconf 85' lang='lat' dir='ltr'>volo</span> <span class='ocrx_word' id='word_1_237' title='bbox 978 3454 1040 3526; x_wconf 61' lang='lat' dir='ltr'>(se</span> <span class='ocrx_word' id='word_1_238' title='bbox 1065 3451 1204 3526; x_wconf 70' lang='lat' dir='ltr'>primam).</span> 
     </span>
    </p>
   </div>
   <div class='ocr_carea' id='block_1_7' title="bbox 155 3578 1276 4186">
    <p class='ocr_par' dir='ltr' id='par_1_12' title="bbox 155 3578 1276 3872">
     <span class='ocr_line' id='line_1_30' title="bbox 240 3578 1276 3670; baseline -0.004 -21"><span class='ocrx_word' id='word_1_239' title='bbox 240 3584 420 3652; x_wconf 90' lang='lat' dir='ltr'>Pronomini</span> <span class='ocrx_word' id='word_1_240' title='bbox 441 3586 509 3670; x_wconf 78' lang='lat' dir='ltr'>ipse</span> <span class='ocrx_word' id='word_1_241' title='bbox 531 3585 653 3650; x_wconf 86' lang='lat' dir='ltr'>adiecta</span> <span class='ocrx_word' id='word_1_242' title='bbox 675 3590 723 3649; x_wconf 90' lang='lat' dir='ltr'>est</span> <span class='ocrx_word' id='word_1_243' title='bbox 744 3581 823 3648; x_wconf 86' lang='lat' dir='ltr'>adeo</span> <span class='ocrx_word' id='word_1_244' title='bbox 845 3584 877 3649; x_wconf 93' lang='lat' dir='ltr'>in</span> <span class='ocrx_word' id='word_1_245' title='bbox 899 3603 947 3649; x_wconf 85' lang='lat' dir='ltr'>vv.</span> <span class='ocrx_word' id='word_1_246' title='bbox 970 3582 1066 3649; x_wconf 88' lang='lat' dir='ltr'>Haut.</span> <span class='ocrx_word' id='word_1_247' title='bbox 1082 3581 1158 3646; x_wconf 86' lang='lat'>804:</span> <span class='ocrx_word' id='word_1_248' title='bbox 1187 3578 1276 3661; x_wconf 81' lang='lat' dir='ltr'>‘Ipse</span> 
     </span>
     <span class='ocr_line' id='line_1_31' title="bbox 155 3683 1275 3768; baseline -0.007 -10"><span class='ocrx_word' id='word_1_249' title='bbox 155 3693 234 3758; x_wconf 90' lang='grc'><strong>5650</strong></span> <span class='ocrx_word' id='word_1_250' title='bbox 256 3689 361 3755; x_wconf 89' lang='lat' dir='ltr'>adest:</span> <span class='ocrx_word' id='word_1_251' title='bbox 390 3687 466 3768; x_wconf 84' lang='lat' dir='ltr'>abi’,</span> <span class='ocrx_word' id='word_1_252' title='bbox 490 3693 522 3752; x_wconf 91' lang='lat' dir='ltr'>et</span> <span class='ocrx_word' id='word_1_253' title='bbox 545 3687 641 3752; x_wconf 86' lang='lat' dir='ltr'>Andr.</span> <span class='ocrx_word' id='word_1_254' title='bbox 657 3687 735 3753; x_wconf 80' lang='lat'>415:</span> <span class='ocrx_word' id='word_1_255' title='bbox 764 3683 887 3768; x_wconf 83' lang='lat' dir='ltr'>‘Ipsum</span> <span class='ocrx_word' id='word_1_256' title='bbox 908 3685 988 3751; x_wconf 92' lang='lat' dir='ltr'>adeo</span> <span class='ocrx_word' id='word_1_257' title='bbox 1010 3690 1137 3767; x_wconf 87' lang='lat' dir='ltr'>praesto</span> <span class='ocrx_word' id='word_1_258' title='bbox 1159 3683 1275 3763; x_wconf 85' lang='lat' dir='ltr'>video’‚</span> 
     </span>
     <span class='ocr_line' id='line_1_32' title="bbox 156 3787 1071 3872; baseline -0.01 -13"><span class='ocrx_word' id='word_1_259' title='bbox 156 3800 189 3859; x_wconf 89' lang='lat' dir='ltr'>et</span> <span class='ocrx_word' id='word_1_260' title='bbox 210 3793 298 3858; x_wconf 87' lang='lat' dir='ltr'>Asin.</span> <span class='ocrx_word' id='word_1_261' title='bbox 314 3792 391 3857; x_wconf 86' lang='lat'>403:</span> <span class='ocrx_word' id='word_1_262' title='bbox 420 3793 539 3872; x_wconf 75' lang='lat' dir='ltr'>‘Atque</span> <span class='ocrx_word' id='word_1_263' title='bbox 560 3790 665 3856; x_wconf 88' lang='lat' dir='ltr'>hercle</span> <span class='ocrx_word' id='word_1_264' title='bbox 687 3791 789 3872; x_wconf 91' lang='lat' dir='ltr'>ipsum</span> <span class='ocrx_word' id='word_1_265' title='bbox 811 3790 891 3855; x_wconf 90' lang='grc'><strong>5650</strong></span> <span class='ocrx_word' id='word_1_266' title='bbox 913 3796 1045 3855; x_wconf 88' lang='lat' dir='ltr'>contuor</span> <span class='ocrx_word' id='word_1_267' title='bbox 1053 3787 1071 3850; x_wconf 90' lang='lat'>&#39;.</span> 
     </span>
    </p>

    <p class='ocr_par' dir='ltr' id='par_1_13' title="bbox 156 3888 1276 4186">
     <span class='ocr_line' id='line_1_33' title="bbox 240 3888 1276 3977; baseline -0.006 -17"><span class='ocrx_word' id='word_1_268' title='bbox 240 3896 277 3961; x_wconf 94' lang='lat' dir='ltr'>In</span> <span class='ocrx_word' id='word_1_269' title='bbox 301 3894 470 3962; x_wconf 88' lang='lat' dir='ltr'>enuntiatis</span> <span class='ocrx_word' id='word_1_270' title='bbox 493 3912 574 3977; x_wconf 89' lang='lat' dir='ltr'>quae</span> <span class='ocrx_word' id='word_1_271' title='bbox 596 3892 757 3974; x_wconf 88' lang='lat' dir='ltr'>hueusque</span> <span class='ocrx_word' id='word_1_272' title='bbox 779 3889 906 3957; x_wconf 89' lang='lat' dir='ltr'>laudavi</span> <span class='ocrx_word' id='word_1_273' title='bbox 928 3890 1062 3957; x_wconf 85' lang='lat' dir='ltr'>vidimus</span> <span class='ocrx_word' id='word_1_274' title='bbox 1084 3888 1160 3955; x_wconf 83' lang='lat' dir='ltr'>odeo</span> <span class='ocrx_word' id='word_1_275' title='bbox 1182 3890 1276 3973; x_wconf 88' lang='lat' dir='ltr'>purti-</span> 
     </span>
     <span class='ocr_line' id='line_1_34' title="bbox 156 3993 1275 4078; baseline -0.007 -12"><span class='ocrx_word' id='word_1_276' title='bbox 156 3999 258 4068; x_wconf 88' lang='lat' dir='ltr'>culam</span> <span class='ocrx_word' id='word_1_277' title='bbox 280 4018 340 4065; x_wconf 93' lang='lat' dir='ltr'>non</span> <span class='ocrx_word' id='word_1_278' title='bbox 368 4000 441 4078; x_wconf 91' lang='lat' dir='ltr'>poni</span> <span class='ocrx_word' id='word_1_279' title='bbox 469 3997 530 4063; x_wconf 89' lang='lat' dir='ltr'>nisi</span> <span class='ocrx_word' id='word_1_280' title='bbox 560 3993 742 4062; x_wconf 89' lang='lat' dir='ltr'>certissimis</span> <span class='ocrx_word' id='word_1_281' title='bbox 771 3993 903 4076; x_wconf 82' lang='lat' dir='ltr'>legibus.</span> <span class='ocrx_word' id='word_1_282' title='bbox 948 3993 1016 4058; x_wconf 92' lang='lat' dir='ltr'>Iam</span> <span class='ocrx_word' id='word_1_283' title='bbox 1044 3997 1144 4060; x_wconf 86' lang='lat' dir='ltr'>restat</span> <span class='ocrx_word' id='word_1_284' title='bbox 1173 3996 1208 4058; x_wconf 92' lang='lat' dir='ltr'>ut</span> <span class='ocrx_word' id='word_1_285' title='bbox 1235 3993 1275 4058; x_wconf 92' lang='grc'>65</span> 
     </span>
     <span class='ocr_line' id='line_1_35' title="bbox 156 4095 1275 4186; baseline -0.009 -16"><span class='ocrx_word' id='word_1_286' title='bbox 156 4103 263 4186; x_wconf 85' lang='lat' dir='ltr'>paucis</span> <span class='ocrx_word' id='word_1_287' title='bbox 292 4110 464 4186; x_wconf 88' lang='lat' dir='ltr'>quaeratur</span> <span class='ocrx_word' id='word_1_288' title='bbox 490 4101 582 4180; x_wconf 87' lang='lat' dir='ltr'>locis,</span> <span class='ocrx_word' id='word_1_289' title='bbox 612 4098 726 4181; x_wconf 90' lang='lat' dir='ltr'>quibus</span> <span class='ocrx_word' id='word_1_290' title='bbox 754 4095 801 4165; x_wconf 91' lang='lat' dir='ltr'>ita</span> <span class='ocrx_word' id='word_1_291' title='bbox 828 4097 930 4184; x_wconf 91' lang='lat' dir='ltr'>posita</span> <span class='ocrx_word' id='word_1_292' title='bbox 957 4097 1130 4175; x_wconf 83' lang='lat' dir='ltr'>invenitur,</span> <span class='ocrx_word' id='word_1_293' title='bbox 1160 4102 1196 4161; x_wconf 91' lang='grc'>00</span> <span class='ocrx_word' id='word_1_294' title='bbox 1222 4115 1275 4180; x_wconf 90' lang='lat' dir='ltr'>op-</span> 
     </span>
    </p>
   </div>
   <div class='ocr_carea' id='block_1_8' title="bbox 0 0 1448 4770">
    <p class='ocr_par' dir='ltr' id='par_1_14' title="bbox 0 0 1448 4770">
     <span class='ocr_line' id='line_1_36' title="bbox 0 0 1448 4770; baseline 0 1"><span class='ocrx_word' id='word_1_295' title='bbox 0 0 1448 4770; x_wconf 95' lang='lat' dir='ltr'> </span> 
     </span>
    </p>
   </div>
  </div>
 </body>
</html>
