2888 4770
174 554 286 620 Bacch.
303 554 381 618 387:
410 553 442 617 id
465 572 560 635 opera
583 559 731 637 expertus
760 571 829 618 snm
856 570 925 618 esse
953 552 1006 617 ita.
1052 551 1139 616 Pers.
1156 552 1232 615 496:

178 662 213 720 nt
228 675 278 719 me
293 655 373 722 scias
389 673 458 720 esse
474 657 519 721 ite
534 655 700 735 facturum,
716 655 848 722 tabellas
864 660 936 721 tene
954 655 1022 720 has.
1056 653 1149 719 Most.
1162 653 1235 717 986.

109 759 199 837 Quod
222 758 249 822 si
272 757 413 838 exempla
436 776 517 840 qnae
540 759 656 839 protuli
677 758 929 841 perlustraveris,
953 759 1072 825 videbis
1095 759 1144 822 ita
1165 778 1235 840 par·

109 862 239 928 ticulum
261 861 344 942 apud
367 862 527 926 scaenicos
550 861 675 942 quidem
703 866 827 944 poetas,
858 861 912 927 ubi
941 861 1052 927 mediis
1083 861 1235 925 insertum

110 964 269 1028 invenitur
290 957 477 1041 enuntiatis,
508 963 703 1028 coniunctam
726 963 790 1045 legi
812 981 882 1027 cum
904 964 1008 1030 verbis
1038 964 1112 1029 solis
1134 964 1236 1046 iisque

113 1085 192 1149 quae
214 1070 246 1131 et
266 1065 337 1145 ipsa
359 1066 488 1129 modum
511 1065 689 1146 significant
710 1068 796 1132 velut
819 1088 884 1129 eece
904 1065 1015 1149 faeere
1037 1066 1087 1130 vel
1110 1066 1236 1130 coniun-

110 1169 243 1249 gendam
267 1184 336 1232 esse
358 1186 428 1232 curn
457 1167 511 1232 his·
534 1169 639 1233 verbis
665 1170 768 1234 animo
797 1169 987 1251 supplendis.
1033 1168 1103 1246 Qua
1125 1185 1160 1232 re
1182 1167 1237 1230 ad·

111 1270 271 1349 ducimur,
300 1275 337 1335 ut
359 1271 476 1352 optimo
499 1271 569 1336 iure
591 1277 738 1352 putemus
761 1289 822 1335 non
852 1277 937 1337 recte
967 1271 1015 1333 ira
1041 1270 1102 1352 legi
1131 1270 1162 1334 in
1185 1287 1233 1334 vv.

110 1375 207 1438 Haut.
225 1373 304 1437 874:

149 1485 210 1558 Ego
232 1500 276 1543 me
296 1500 353 1542 non
373 1485 431 1542 tem
451 1484 577 1543 astutum
598 1499 689 1557 neque
710 1483 752 1544 ita
771 1484 963 1559 perspicacem
984 1500 1046 1544 esse
1066 1482 1095 1542 id
1116 1481 1184 1554 scio,

112 1593 144 1654 et
165 1589 241 1652 Hec.
258 1586 331 1650 284.
357 1586 436 1651 285:

150 1697 260 1766 Quanto
281 1696 374 1755 fuerat
394 1696 595 1771 praestabilius
614 1696 709 1756 ubivis
729 1696 857 1770 gentium
877 1713 963 1770 egere
983 1698 1115 1772 aetatem,

151 1792 237 1860 Quam
259 1791 315 1850 huo
336 1790 426 1850 redire
447 1793 531 1863 atque
552 1791 620 1850 haec
641 1791 681 1849 ita
702 1807 763 1850 csse
784 1791 917 1849 miserum
937 1808 980 1850 me
1001 1791 1165 1852 resciscere!

111 1892 297 1974 praesertim
328 1910 397 1958 com
426 1894 474 1955 ito
502 1893 550 1958 his
578 1894 653 1960 locis
682 1912 743 1958 non
774 1895 814 1958 ad
844 1912 881 1959 eo
910 1911 991 1976 quae
1023 1899 1152 1959 narrata
1174 1893 1238 1959 sint

111 1997 221 2062 referri
252 1995 360 2077 possit.
405 1995 561 2075 Equidem
589 2006 668 2058 tum
694 2015 750 2077 pro
781 1995 830 2058 ito
858 1994 1057 2061 scribendum
1087 2015 1237 2078 propono.

112 2099 270 2164 Facillime
300 2098 368 2164 fieri
401 2100 505 2182 potuit
539 2105 575 2164 ut
602 2098 726 2164 librarii
756 2099 809 2180 qui
842 2118 933 2164 usum
967 2100 1154 2181 scriptorum
1187 2118 1237 2164 ve-

112 2207 214 2266 terum
250 2200 434 2283 ignorarent
469 2200 643 2280 particulas
671 2199 764 2264 aliem
797 2219 867 2265 cum
904 2201 966 2266 alia
999 2207 1237 2266 commutarent.

112 2303 216 2384 Atque
237 2304 305 2370 iure
328 2320 384 2368 nos
407 2305 438 2367 in
461 2303 510 2367 his
532 2303 674 2368 versibus
704 2301 884 2383 offendisse,
916 2322 953 2368 eo
981 2305 1074 2369 etiam
1098 2323 1237 2387 compro·

112 2406 179 2472 beri
202 2407 327 2471 videtur
350 2407 433 2487 quod
460 2407 490 2470 in
507 2407 602 2471 Haut.
624 2406 749 2485 quidem
772 2424 865 2470 versu
888 2406 1009 2472 codices
1032 2406 1151 2471 DetG
1174 2418 1238 2469 tam

112 2508 272 2591 praebent.
308 2501 344 2572 In
361 2509 503 2590 Hecyrae
518 2528 547 2572 v.
563 2507 709 2574 facillime
729 2528 767 2572 cx
786 2507 905 2573 verbis:
923 2505 1001 2573 ‘tam
1014 2506 1080 2573 me'
1100 2501 1158 2573 ‘ita
1172 2505 1235 2573 me'

112 2631 218 2677 errore
238 2611 358 2677 librarii
382 2612 457 2676 oriri
479 2613 590 2693 potnit,
615 2612 798 2677 stulterum
821 2634 852 2673 m
874 2610 1023 2675 omissum
1046 2614 1124 2675 erat.

195 2715 296 2780 Usum
320 2719 515 2779 constantem
542 2732 634 2796 quem
664 2712 799 2777 diximus
822 2710 1011 2776 Ritschelius
1033 2727 1159 2792 quoqne
1181 2728 1232 2792 pa-

111 2836 181 2882 rum
205 2818 341 2898 respexit
364 2817 417 2898 qui
439 2818 470 2880 in
489 2817 573 2881 Most
596 2835 623 2881 v.
641 2816 696 2880 84:
713 2812 806 2880 <Nam
829 2813 881 2881 hic
900 2831 993 2894 quom
1009 2812 1116 2877 erilem
1140 2810 1237 2877 filium

112 2919 202 2984 video
225 2924 406 3001 corruptum
430 2939 468 2985 ex
487 2917 688 2984 adulescente
710 2914 865 2999 optumo',
887 2917 936 2979 ita
958 2920 1031 2996 post
1053 2925 1238 2999 corruptum

111 3021 243 3086 addidit.

198 3123 260 3188 Sed
284 3129 320 3189 ut
341 3124 381 3189 ad
405 3122 517 3190 Bacch.
533 3121 619 3188 illum
640 3139 767 3188 versum
789 3121 965 3213 redeamus,
990 3138 1060 3185 cum
1083 3119 1131 3182 cta
1153 3119 1238 3202 quod

112 3226 144 3291 in
168 3226 327 3293 codicibus
349 3227 508 3293 invenitur
530 3226 570 3291 ab
593 3244 653 3289 usu
668 3223 774 3289 Plauti
789 3223 1042 3304 reliquorumque
1064 3222 1238 3302 priscorum

112 3335 275 3410 poetarum
302 3329 486 3408 abhorreat,
519 3329 638 3395 scribo:
672 3323 776 3406 ‘Quor
809 3333 874 3392 tam
905 3323 1058 3402 fastidit',
1083 3325 1166 3407 (vide
1197 3324 1237 3388 ad

112 3450 160 3495 vv.
184 3430 269 3496 Trin.
285 3431 357 3495 608.
375 3432 452 3509 609,
483 3430 536 3496 ubi
561 3429 703 3509 exempla
729 3429 859 3512 protuli,
888 3431 920 3492 in
943 3429 1057 3510 quibus
1080 3437 1144 3490 rum
1167 3445 1238 3492 cum

112 3533 217 3598 verbis
240 3534 445 3613 compositum
467 3533 607 3616 legitur),
636 3531 695 3597 nisi
721 3526 825 3610 ‘Quor
854 3533 899 3597 sic
926 3527 1065 3596 fastidit'
1102 3529 1238 3594 scribere

112 3635 219 3700 males.

197 3738 302 3804 Etiam
317 3738 349 3801 in
364 3756 413 3802 vv.
430 3739 504 3820 5sq.
521 3739 597 3818 Arg.
613 3736 628 3801 l
643 3736 801 3817 Pseuduli‚
818 3736 872 3801 ubi
887 3734 1078 3801 Ritschelius
1096 3733 1237 3816 scripsit:

363 3849 469 3908 Dicens
490 3849 590 3924 Syrum
611 3865 641 3909 se
660 3830 801 3907 Ballionis
821 3845 987 3918 Pseudolus,

361 3941 504 4018 Opemque
525 3943 600 4016 [sno]
622 3942 684 4000 erili
703 3942 745 4000 ita
763 3940 831 4000 tulit

110 4037 196 4103 haud
219 4038 282 4104 scio
306 4055 345 4102 en
368 4056 425 4120 pro
448 4037 497 4098 iro
518 4034 718 4101 scribendum
745 4035 787 4099 sit
809 4032 873 4111 sie,
900 4050 962 4114 quo
993 4030 1111 4113 optime
1133 4031 1238 4097 versui

111 4141 316 4205 succurritur.

1014 4237 1032 4287 a
