2888 4770
676 374 716 440 35

138 585 265 649 modum
299 580 360 647 iam
382 579 573 663 repperisse,
603 582 832 648 adolescentem
854 579 933 645 adeo
962 578 1122 646 nobilem’.
1167 579 1261 645 Thais

138 684 302 768 praedicat
333 682 462 748 fratrem
495 701 564 748 esse
591 684 693 750 adhuc
720 682 949 750 adolescentem
976 687 1105 747 etcum
1135 681 1260 766 quidem

139 785 286 854 nobilem.

225 891 319 955 Mero.
337 889 416 954 232:
445 887 620 956 ‘Posterius
649 909 742 973 quam
771 894 927 956 mercatus
956 887 1076 952 sueram
1099 887 1262 970 (capram),

138 995 226 1059 visus
248 1011 318 1058 sum
340 990 372 1057 in
395 992 588 1057 custodelam
611 993 720 1060 simiae
749 993 943 1059 concredere.
988 989 1036 1056 Ea
1065 991 1155 1057 simia
1184 994 1261 1058 adeo

138 1103 212 1181 post
234 1095 318 1161 haud
341 1095 439 1160 multo
463 1096 503 1159 ad
530 1114 579 1161 me
607 1091 715 1177 venit’3
744 1097 796 1161 ubi
819 1094 997 1176 Langenius
1025 1092 1103 1160 adeo
1133 1114 1203 1160 curn
1225 1118 1263 1159 eo

139 1201 321 1283 pronomine
349 1196 497 1280 coniungi
526 1198 604 1265 vult.
655 1197 746 1263 Adeo
774 1200 824 1264 hic
851 1217 920 1264 mea
948 1198 1074 1280 quidem
1108 1201 1263 1264 sententia

138 1302 336 1370 substantivo
359 1301 458 1365 echaia
480 1301 624 1381 additur,
653 1304 742 1368 utin
765 1301 887 1368 simiam
911 1320 993 1367 nunc
1016 1302 1115 1367 omnis
1138 1321 1264 1368 eonver-

139 1413 227 1472 tatur
249 1405 470 1484 consideratio;
494 1408 582 1472 cuius
604 1406 730 1490 quidem
753 1425 829 1472 usus
850 1407 939 1488 plura
953 1405 1147 1471 inveniemus
1162 1425 1264 1472 exem·

139 1509 202 1591 pla,
226 1509 280 1575 ubi
302 1509 341 1574 de
364 1509 519 1591 particula
540 1509 776 1592 pronominibus
798 1508 907 1575 addita
930 1508 1170 1589 disputabimus.

226 1609 343 1677 Similis
367 1618 415 1677 est
437 1612 578 1680 condicio
601 1615 775 1697 particulae
796 1614 829 1680 in
852 1634 900 1680 vv.
917 1614 1013 1679 Marc.
1033 1614 1109 1679 104:
1132 1611 1263 1678 ‘Postri-

141 1715 193 1782 die
214 1716 370 1795 hospitem
393 1716 471 1783 adco
494 1736 560 1797 oro,
584 1723 620 1783 ut
642 1721 756 1784 vendat
778 1713 879 1795 mihi',
908 1715 971 1781 nisi
1000 1734 1070 1780 cum
1093 1716 1263 1781 Ritschelio

139 1825 212 1900 post
235 1815 313 1881 adeo
335 1819 559 1901 interpungere
582 1827 613 1886 et
636 1819 713 1884 odeo
736 1840 793 1903 pro
815 1820 909 1886 verbo
931 1818 1074 1900 accipere
1093 1817 1209 1900 mavis3
1233 1824 1265 1883 et

141 1917 212 1986 Cas.
228 1918 286 1999 111,
310 1921 339 2000 3,
363 1924 398 1987 5:
417 1920 532 2001 ‘Quem
554 1923 658 1989 hercle
680 1923 766 1990 litem
789 1924 867 1988 adeo
890 1921 1064 2002 perdidisse
1084 1919 1232 2004 gaudeo’.

226 2022 319 2088 quta
341 2026 404 2090 alia
426 2024 585 2104 vocabula,
610 2026 833 2103 adiectiva‚
857 2025 1097 2105 numeralia,
1128 2025 1265 2089 adver·

20 2184 25 2191 .
140 2123 208 2189 bia
235 2122 314 2188 odeo
348 2125 485 2206 positum
516 2125 631 2208 legitur
660 2126 708 2192 his
736 2128 824 2193 locis:
860 2126 939 2192 Stat.
968 2125 1058 2192 Caec.
1086 2127 1124 2192 ir.
1147 2145 1172 2191 c.
1193 2127 1265 2190 101:

135 2223 266 2304 ‘Mirum
288 2227 367 2292 adeo
389 2228 446 2292 nisi
470 2227 569 2292 frater
591 2228 674 2291 dorni
697 2227 802 2294 ebrius
826 2228 950 2292 turbam
973 2225 1070 2293 dedit'
1098 2225 1161 2309 (es
1184 2232 1266 2292 wdre

141 2347 222 2411 ganz
237 2328 470 2412 wunderbar');
494 2329 544 2395 cui
562 2330 629 2395 loco
646 2331 892 2413 quamproxime
908 2330 1029 2396 accedit
1044 2331 1134 2412 Capt.
1146 2350 1174 2394 v.
1188 2329 1265 2394 824:

137 2427 333 2498 ‘Edictiones
356 2432 515 2498 aedilicias
544 2470 583 2479 -
614 2433 708 2499 habet
729 2455 786 2500 -t
811 2433 986 2514 mirumque
1018 2434 1095 2499 adeo
1125 2433 1156 2497 ni
1184 2434 1266 2498 hunc

142 2533 247 2600 Aetoli
269 2534 328 2600 sibi
350 2535 452 2602 fecere
475 2540 727 2618 agoranomum'‚
758 2538 778 2601 i.
794 2557 836 2603 a:
858 2534 919 2602 ‘ita
941 2544 977 2602 ut
999 2537 1131 2602 maxime
1153 2537 1266 2601 mirum

143 2636 188 2702 sit
208 2637 241 2701 ni
263 2633 340 2702 etc'.

228 2741 324 2806 Haut.
343 2742 421 2808 109:
450 2740 558 2808 <Nulla
581 2743 659 2808 adeo
686 2762 724 2807 err
753 2761 788 2807 re
815 2743 896 2808 istuc
924 2742 960 2808 fit
987 2738 1073 2824 nisi'3
1111 2760 1172 2824 quo
1200 2741 1267 2806 loco

143 2850 287 2927 respecto
317 2843 349 2909 in
377 2843 491 2911 Bacch.
515 2866 543 2910 v.
566 2845 645 2926 315,
673 2845 725 2910 ubi
753 2864 791 2910 ex
819 2845 1000 2911 coniectura
1026 2843 1196 2909 Hermanni
1224 2844 1268 2909 le·

143 2953 278 3030 guntur:

344 3085 398 3144 Sed
419 3085 497 3144 nilne
519 3084 600 3160 [huo]
621 3085 758 3144 attulistis
777 3084 843 3144 inde
865 3084 927 3144 anri
947 3083 1067 3159 domum,

144 3249 202 3312 pro
224 3229 284 3294 hac
305 3231 483 3312 scripserim
506 3229 601 3312 ade05
631 3251 712 3313 quae
734 3231 914 3298 coniectura
941 3232 1016 3297 mihi
1044 3231 1203 3299 lenissima
1225 3231 1268 3295 vi-

145 3335 249 3412 detur,
274 3353 344 3399 curn
367 3335 551 3399 vocabulum
574 3336 749 3417 proximum
770 3335 810 3400 ab
834 3344 867 3397 at
889 3333 989 3399 literis
1012 3334 1151 3416 incipiat.

231 3435 277 3501 St.
295 3437 374 3500 212:
403 3437 502 3516 ‘Quot
523 3437 638 3521 adeo*)
666 3457 760 3504 cenae
788 3455 866 3520 quas
894 3433 1005 3501 deflevi
1033 3431 1201 3502 mortuae'!
1230 3435 1268 3500 cl.

146 3539 222 3606 Luc.
237 3540 336 3619 XXX,
360 3539 431 3603 892.
467 3540 561 3604 Most.
577 3538 655 3603 280:
684 3531 816 3604 ‘Verum
838 3537 909 3603 illut
936 3556 1005 3603 esse
1027 3556 1171 3602 maxuma
1190 3536 1269 3601 adeo

146 3661 220 3726 pars
242 3649 420 3709 vostrorum
450 3642 634 3724 intellegit’3
662 3641 716 3707 ubi
738 3639 918 3723 Langenius
940 3640 1101 3705 ‘maxuma
1129 3641 1161 3704 id
1191 3638 1269 3704 adeo

146 3753 232 3829 pars’
253 3746 389 3812 scribere
412 3745 488 3809 vult.
522 3745 633 3827 Amph.
654 3744 750 3808 1134:
776 3739 878 3818 ‘Quae
901 3740 1007 3806 futura
1030 3748 1164 3821 atquae
1187 3741 1269 3807 lacta

148 3850 286 3933 eloquar,
309 3849 406 3915 multo
429 3847 544 3932 adeo'‘)
567 3848 678 3914 melius
701 3866 795 3929 quarn
817 3845 863 3910 illi
885 3862 979 3925 quom
1002 3848 1086 3909 etc.’.
1121 3845 1213 3908 Truc.
1228 3841 1270 3919 11,

150 3955 178 4033 1,
194 3955 231 4020 6:
254 3949 387 4018 ‘Verum
409 3960 486 4033 aput
508 3954 590 4018 hunc
605 3970 675 4017 mea
691 3970 745 4017 era
760 3969 818 4016 sua
832 3949 961 4016 consilia
977 3966 1099 4016 summa
1113 3946 1271 4029 eloquitur

217 4198 238 4264 ⁰)
256 4194 368 4263 Langen
386 4209 439 4249 non
457 4199 544 4246 recte:
572 4193 636 4245 adeo
654 4214 687 4239 =
705 4192 741 4243 ad
759 4191 828 4244 hoec.
1032 4272 1067 4325 3·
