2888 4770
94 576 131 636 ut
157 579 189 638 te
216 591 323 655 cogam
359 593 440 656 quac
468 595 526 657 ego
560 578 708 658 imperem
741 576 860 641 lacere:
894 589 951 653 ego
980 576 1085 636 tamen
1115 572 1219 652 patrio

94 675 197 740 animo
221 675 322 740 victus
345 676 466 757 faciam,
491 674 537 742 ut'
565 686 641 752 etc.;
660 713 696 724 -

93 785 150 843 aut
172 781 198 843 si
221 780 376 845 sententia
392 799 453 845 non
469 780 561 863 plena
583 789 641 860 est,
664 780 750 845 velut
771 779 804 843 in
828 798 876 842 vv.
901 775 993 842 Most.
1014 778 1111 842 1167:
1129 775 1221 843 ‘Ver-

93 883 231 959 beribus,
248 882 357 961 lotum,
381 884 511 948 caedere
527 883 665 965 pendens
679 882 693 964 ΙΙ
709 883 825 947 Tamen
842 881 901 946 etsi
920 879 1055 960 pudetl'
1076 886 1108 945 et
1124 880 1220 944 Andr.

93 983 171 1048 864:
195 982 277 1066 ‘Ego
306 985 369 1050 iam
398 994 429 1051 te
459 995 646 1054 commotum
679 987 806 1052 reddam
827 986 842 1067 ΙΙ
860 985 976 1050 Tamen
1007 985 1067 1048 etsi
1091 983 1148 1048 hoc
1172 1002 1220 1049 ve·

94 1087 219 1150 rumst?
235 1085 249 1167 ΙΙ
263 1084 408 1153 Tamen'.

180 1189 300 1266 Quibus
322 1190 398 1256 locis
421 1175 712 1273 respectis'optimo
735 1189 810 1255 mihi
832 1188 903 1254 iure
924 1189 1005 1255 hanc
1026 1189 1127 1271 legem
1149 1209 1221 1255 con·

94 1291 227 1356 stituere
249 1292 370 1357 videor:
406 1304 480 1354 tam
511 1299 588 1358 tum
617 1294 726 1358 modo
757 1292 1020 1358 adversativa
1049 1293 1220 1374 quadam

94 1411 179 1458 cum
202 1394 238 1457 vi
260 1414 280 1458 a
300 1395 450 1475 priscis
473 1395 745 1478 scriptoribus
768 1413 854 1459 esse
876 1395 1051 1476 positum
1074 1401 1111 1459 et
1132 1394 1220 1477 poni

94 1498 292 1576 potuisse,
324 1497 392 1563 ubi
416 1518 458 1563 ex
480 1505 682 1564 structura
709 1501 795 1579 ipsa
823 1500 899 1562 iam
923 1499 1220 1563 enuntiatorum

94 1599 195 1664 satis
218 1612 434 1685 appareret
462 1604 632 1669 alteram
662 1604 904 1669 sententiam
933 1601 1056 1667 alteri
1085 1621 1127 1666 ex
1157 1601 1219 1665 ad·

95 1708 398 1790 verso.opponi;
423 1718 661 1772 tameavero
683 1705 913 1787 particulae
934 1703 1059 1769 locum
1082 1701 1221 1782 fnisse,

95 1806 164 1871 ubi
187 1811 454 1873 necessarium
484 1809 688 1874 videretur
715 1809 877 1873 animum
906 1807 989 1885 eius
1016 1808 1082 1890 qui
1112 1807 1222 1872 audit

96 1911 245 1974 intendi
279 1911 318 1976 id
356 1914 454 1995 quod
488 1933 530 1976 ex
563 1932 686 1995 aequo
721 1911 939 1995 apponitur
973 1929 1017 1974 ex
1051 1910 1220 1974 adverso

95 2013 250 2095 opponi.
295 2015 364 2093 Qua
391 2015 430 2080 de
457 2035 551 2080 causa
580 2026 684 2078 tamea
713 2017 886 2096 particulae
913 2013 1029 2096 ubique
1052 2015 1138 2078 locus
1162 2019 1219 2092 est,

94 2119 120 2182 si
144 2137 204 2183 non
228 2121 386 2199 praecedit
408 2119 455 2183 vel
483 2120 686 2199 subsequitur
713 2117 887 2184 enuntiatio
915 2117 988 2194 croi,
1018 2138 1219 2201 quamquam,

96 2219 186 2299 dom,
216 2244 284 2285 cam
306 2223 468 2304 particulis
495 2242 568 2288 vere
591 2224 777 2288 concessivis
803 2223 900 2300 elata,
930 2226 985 2286 aut
1015 2219 1043 2284 si
1064 2220 1221 2302 particula

94 2344 156 2390 non
180 2328 353 2407 proximum
385 2328 424 2391 ab
454 2327 610 2392 sententia
637 2326 816 2392 concessiva
846 2325 947 2391 locum
970 2322 1104 2399 obtinet,
1134 2321 1220 2387 velut

95 2429 127 2494 iu
145 2430 230 2493 Asin.
252 2449 280 2493 v.
297 2430 375 2494 497:
394 2428 602 2511 ‘Quamquam
626 2448 684 2511 ego
707 2446 776 2492 sum
799 2428 987 2504 sordidatus,
1011 2425 1094 2506 frugi
1116 2436 1219 2489 tamen

96 2548 166 2594 sum
188 2550 245 2596 nec
267 2538 371 2613 potest
392 2532 547 2614 peculium
571 2527 775 2596 enumerari'.

182 2633 361 2711 Quaeccum
391 2636 436 2698 ita
462 2655 531 2700 sese
554 2635 699 2708 babeant,
723 2654 784 2699 nou
807 2634 915 2699 dubito
939 2632 1013 2715 quin
1038 2639 1144 2697 errent
1166 2632 1220 2714 qui

98 2737 202 2802 dicant
225 2747 290 2800 tam
311 2737 388 2802 illud
412 2738 529 2803 factum
553 2756 621 2803 esse
646 2757 683 2802 ex
708 2749 819 2800 tamea.
865 2736 1000 2800 Dixerim
1024 2744 1126 2798 tamea
1148 2754 1218 2817 par·

97 2839 222 2904 ticnlam
246 2842 474 2906 adversativam
503 2849 569 2906 tum
593 2841 717 2906 demum
748 2842 910 2906 inventum
941 2857 1026 2918 csse,
1055 2857 1125 2903 cum
1155 2847 1220 2900 tora

98 2962 135 3006 ex
157 2943 420 3022 enuntiationum,
450 2944 481 3008 in
509 2946 622 3027 quibus
645 2951 824 3026 poneretur,
855 2950 969 3008 natura
991 2943 1219 3007 adversativam

98 3047 251 3128 quandam
274 3047 422 3112 induerat
448 3048 621 3127 notionem,
651 3066 813 3129 novaeque
838 3047 911 3112 huic
933 3044 1106 3125 particulae
1128 3063 1220 3126 pecu-

97 3150 204 3215 liarem
227 3151 332 3215 sedem
354 3151 451 3216 fuisse
474 3153 506 3215 in
529 3151 694 3216 sententiis
709 3150 741 3215 in
758 3152 870 3232 quibus
891 3168 928 3214 ex
943 3147 1129 3213 formatione
1151 3145 1220 3226 ipsa

99 3255 331 3318 enuntiatorum
365 3252 469 3334 colligi
506 3273 566 3317 non
600 3259 707 3333 posset
739 3253 871 3317 alteram
904 3252 1090 3317 sententiam
1127 3249 1220 3314 alteri

99 3357 220 3439 opponi.
258 3356 327 3434 Qua
350 3356 389 3419 dc
412 3373 508 3420 causa
524 3355 710 3420 Gorssenum
734 3355 845 3436 (Beitr.
862 3354 938 3436 279)
959 3360 1043 3420 recte
1066 3353 1219 3418 indicasse

98 3459 271 3540 putaverim
302 3481 337 3520 ca
366 3457 443 3522 illud
475 3457 646 3539 particulae
673 3458 827 3523 adnexum
851 3457 1001 3538 syllabam
1029 3457 1220 3521 demonstra-

97 3564 190 3628 tivam
215 3584 252 3625 ea
281 3561 360 3644 (dal
388 3560 471 3624 siclae
495 3559 559 3622 dal
585 3560 623 3625 cl.
646 3559 698 3648 ἠνί
718 3559 868 3638 Carmen,
900 3560 1030 3641 Ausspr.
1050 3556 1119 3637 Ill,
1143 3556 1218 3639 636)

98 3685 164 3731 osse
188 3673 220 3730 et
242 3685 278 3729 eo
301 3664 387 3746 fungi
410 3683 547 3742 munere,
572 3671 608 3728 ut
629 3663 751 3728 animus
775 3665 842 3726 eius
857 3662 910 3742 qui
928 3662 1016 3725 audit
1037 3661 1220 3725 advertatur

97 3768 256 3850 magisad
280 3785 420 3846 eaquae
449 3767 602 3831 dicantur.
647 3764 737 3843 Quod
768 3763 898 3830 Kvldala
928 3763 1047 3828 monuit
1076 3784 1113 3824 co
1142 3762 1219 3827 illud

96 3890 151 3953 pro
174 3870 329 3951 particula
351 3869 405 3933 illa
420 3869 665 3935 demonstrativa
681 3867 789 3933 baberi
806 3885 866 3931 non
887 3885 988 3947 posse,
1012 3865 1128 3930 nullius
1144 3866 1219 3931 mihi

97 3976 244 4041 momenti
266 3991 335 4038 esse
357 3974 490 4051 videtur,
517 3991 587 4037 cum
610 3974 736 4051 saepius
760 3969 896 4053 syllabas
926 3962 1034 4050 longas
1061 3986 1121 4034 usu
1144 3969 1219 4033 coti·

98 4079 187 4143 diano
218 4084 378 4157 correptas
406 4095 474 4140 esse
503 4078 634 4141 constet.
669 4074 707 4139 cf.
730 4074 804 4151 uisi,
834 4074 935 4158 quavi,
965 4071 1032 4149 abi,
1055 4072 1103 4134 ito
1131 4073 1218 4155 (vide

99 4181 186 4248 Ribb.
212 4182 280 4245 Lat.
304 4179 389 4244 Part.
406 4179 455 4244 50.
480 4178 565 4257 Bria,
589 4180 673 4243 Trio.
698 4180 822 4244 Einleit.
846 4198 876 4260 p.
897 4178 961 4260 13).
