2888 4770
722 338 740 397 7
824 425 833 431 .

168 538 325 618 surdoque
346 529 426 604 'sunt
457 537 550 604 dicta.
596 539 717 618 Quibus
741 540 894 618 adducor,
926 545 961 606 ut
985 563 1022 604 ac
1049 542 1080 606 in
1104 533 1197 627 atquc
1226 561 1293 606 mu·

168 645 235 706 tato
259 646 291 706 et
316 652 390 718 tam,
415 643 498 723 quod
521 640 667 707 facillime
690 663 727 707 ex
744 642 859 724 duplici
874 643 1032 724 scriptura
1053 649 1210 710 extremae
1232 642 1292 726 syl·

167 745 257 810 labae
279 743 429 806 vestitum
452 743 537 808 vocis
560 743 636 808 oriri
656 743 771 824 potuit,
795 744 897 810 deleto
920 744 1070 811 scribam:

219 861 332 923 ‘Itidem
352 862 440 922 habet
460 864 588 938 petasum
611 863 696 937 acque
717 863 863 924 vestitum:
886 864 1056 925 consimilist
1076 840 1165 941 dique
1181 881 1242 940 ogo.

167 975 254 1053 Quae
277 975 401 1054 quidem
424 973 516 1040 lectio
539 972 620 1037 mihi·
638 980 670 1039 et
692 993 817 1040 sensum
848 975 1043 1055 aptissimum
1067 973 1188 1042 efficere
1210 975 1292 1043 vide-

167 1083 228 1155 tur,
253 1095 323 1142 cum
340 1075 484 1159 gradatio
499 1076 531 1140 in
548 1075 652 1142 verbis
669 1071 774 1141 ‘nimis
794 1076 919 1141 similist
941 1076 1017 1142 mci'
1043 1078 1084 1160 (v.
1101 1078 1187 1159 442),
1208 1072 1292 1153 'con-

128 1246 129 1249 ,
166 1176 306 1244 similist’
333 1179 375 1260 (v.
392 1178 479 1259 443),
498 1175 612 1243 ‘totus'
638 1179 679 1260 (v.
695 1179 772 1260 445)
796 1180 871 1244 insit
892 1181 1020 1262 optima,
1048 1185 1081 1247 et
1103 1180 1205 1247 miuus
1227 1181 1292 1247 vio·

165 1283 251 1347 lenta
273 1287 322 1345 est
343 1298 438 1361 quom
453 1281 646 1345 Fuhnnanni
670 1279 795 1358 (Jahrb.
814 1282 895 1346 1868
918 1302 948 1365 p.
965 1282 1052 1366 845),
1075 1283 1130 1363 qui
1149 1284 1290 1364 scripsit:

160 1381 237 1449 ‘tam
259 1383 444 1448 consimilist
472 1401 583 1465 quom
614 1402 683 1464 ego
712 1382 811 1449 sum’
845 1383 896 1466 (ci.
921 1384 1047 1467 Langen
1071 1406 1100 1469 p.
1118 1386 1208 1467 296),
1235 1391 1291 1450 aut

165 1485 333 1568 Langenii:
354 1480 432 1550 ‘tam
455 1484 641 1551 consimilist
663 1504 775 1568 quam
798 1484 957 1568 potcst’.

583 1638 696 1716 Amph.
718 1636 793 1698 450.
807 1637 875 1699 451.

618 1749 776 1825 Quadrigas
797 1750 822 1808 si
843 1768 918 1810 nunc
937 1750 1090 1810 inscendas
1110 1751 1187 1810 Iovis

260 1846 353 1919 Atque
374 1843 442 1903 hinc
462 1843 566 1920 fugias,
588 1843 629 1902 ita
649 1843 696 1902 vix
716 1843 823 1919 poteris
844 1844 975 1920 aufugere
995 1844 1188 1905 infortunium.

249 1956 416 2038 Ussiugius
439 1955 585 2020 adnotat:
604 1951 663 2020 ‘Ne
683 1953 728 2020 ita
743 1955 880 2036 quidem,
903 1956 1029 2022 silonis
1052 1956 1151 2039 equis,
1174 1956 1288 2040 quibus

165 2059 243 2124 nihil
267 2059 399 2125 celerius
422 2058 556 2140 cogitari
585 2063 704 2140 potest,
734 2056 860 2123 uteris’.
905 2057 959 2121 Ita
981 2059 1039 2124 hoc
1061 2059 1128 2125 loco
1150 2059 1181 2123 id
1205 2058 1288 2142 quod

163 2162 320 2226 sententia
342 2159 548 2226 condicionali
578 2161 692 2226 dicitur
715 2180 777 2226 uno
800 2160 891 2243 quasi
914 2161 1064 2227 vocabulo
1087 2160 1288 2243 eomprehen-

89 2309 92 2314 -
162 2264 236 2328 dere
258 2267 354 2344 atque
375 2267 519 2346 repetere
542 2269 574 2327 et
595 2263 677 2329 idem
694 2262 760 2328 iere
775 2264 879 2328 valere
895 2263 1021 2329 videtur
1035 2270 1130 2344 atque
1146 2270 1287 2328 nostrum

162 2386 207 2445 so,
230 2382 292 2445 quo
316 2367 434 2430 utimur
455 2365 487 2429 in
510 2363 662 2446 principio
678 2364 825 2446 epodosis
847 2369 919 2445 post
941 2365 1113 2428 sententias
1136 2363 1288 2429 condicio·
1379 2381 1382 2386 ’

161 2465 266 2542 nales;
295 2470 383 2533 cuius
413 2467 540 2549 quidem
568 2484 644 2532 usus
671 2473 798 2550 praeter
820 2465 908 2532 illum
932 2484 1024 2549 quem
1046 2465 1140 2531 laudo
1162 2483 1288 2530 uersum

161 2575 298 2650 quatuor
313 2569 375 2634 ianr
392 2571 475 2652 apud
499 2573 618 2654 priscos
641 2571 810 2650 scriptores
833 2574 958 2636 exstant
978 2567 1127 2649 exempla.
1161 2567 1217 2630 Ita
1239 2585 1287 2633 so·

160 2669 224 2735 lum
240 2671 398 2737 invenitur
421 2673 452 2737 in
470 2671 599 2738 Catonis
615 2692 660 2739 or.
676 2671 744 2735 rell.
761 2691 790 2754 p.
801 2672 851 2752 58,
868 2672 897 2734 2.
910 2669 946 2736 J:
967 2665 1069 2749 ‘Quod
1088 2669 1193 2735 sinon
1216 2689 1287 2735 con·

160 2773 302 2853 veniatis,
318 2792 395 2839 cum
419 2773 584 2841 convocari
606 2775 709 2848 iubet,
737 2774 783 2838 ita
806 2774 937 2854 cupidus
959 2772 1110 2839 orationis
1133 2772 1288 2839 conducat

160 2876 215 2958 qui
244 2875 431 2952 auscultet'3
459 2879 506 2943 ita
533 2877 600 2941 oic’
630 2877 816 2959 interposito
846 2887 950 2939 tameo
977 2875 1127 2941 vocabulo
1157 2876 1187 2940 iu
1210 2873 1285 2940 Oist.

159 2998 189 3044 v.-
204 2979 230 3060 I,
249 2981 277 3058 l,
293 2979 351 3044 30:
371 2975 417 3045 ‘si
432 2979 516 3045 idem
531 2979 700 3057 imitemur,
723 2977 769 3042 ita
785 2983 889 3044 tamen
905 2977 956 3041 vix
971 2977 1102 3042 vivimus
1124 2996 1194 3042 cum
1209 2976 1287 3041 invi-

163 3081 214 3146 dia
237 3079 393 3156 summa'3
415 3081 462 3144 ito
476 3103 537 3145 noo
552 3081 583 3146 in
606 3099 654 3145 vv.
672 3077 763 3145 Cure.
779 3079 843 3143 449
852 3097 912 3162 sq.:
932 3074 1025 3159 ‘Quia
1047 3080 1174 3145 enimin
1191 3096 1286 3144 cavea

160 3182 188 3248 si
206 3183 308 3249 forent
330 3182 485 3251 conclussi
500 3219 551 3263 -‚
573 3183 618 3248 ita
641 3201 703 3248 non
724 3187 856 3264 potuere
878 3200 940 3246 uno
963 3200 1044 3247 auno
1067 3178 1285 3259 circumirier’,

159 3292 191 3351 ct
214 3287 305 3368 Epid.
324 3287 459 3368 610sq.:
483 3282 529 3352 ‘si
554 3284 698 3352 undecim
720 3286 795 3352 dcos
817 3289 945 3368 praeter
966 3302 1036 3351 sese
1059 3303 1164 3350 secum
1188 3283 1284 3348 addu-

158 3394 210 3455 cat
224 3388 376 3470 Iuppiter,
399 3391 445 3454 ita
467 3408 529 3454 non
552 3407 659 3455 omnes
675 3409 713 3455 ex
728 3389 869 3456 cruciatu
889 3394 1038 3470 poterunt
1060 3387 1196 3454 eximere
1211 3387 1285 3469 Epi·

160 3489 291 3571 dicum'‚
314 3490 371 3558 ubi
395 3491 548 3557 Luchsius
572 3491 623 3574 (cf.
639 3489 777 3556 Hermae
800 3489 930 3568 univi,
953 3510 983 3572 p.
1001 3491 1086 3572 272),
1110 3509 1179 3556 cum
1202 3490 1284 3556 hunc

159 3593 332 3674 particulae
355 3612 445 3658 usum
469 3594 643 3677 ignoraret,
674 3606 738 3657 tum
762 3594 811 3660 vel
835 3606 937 3658 tameo
963 3612 1020 3676 pro
1044 3593 1092 3656 ito
1114 3612 1175 3659 non
1198 3599 1284 3659 recte

158 3693 357 3760 scribendum
386 3695 558 3777 proposuit.
605 3695 725 3774 Quibus
748 3715 818 3762 cum
840 3695 917 3761 locis
944 3696 1027 3761 haud
1051 3696 1114 3761 scio
1137 3714 1176 3760 cn
1204 3714 1284 3761 cour-

157 3797 263 3876 parari
285 3797 408 3878 possint
436 3815 518 3878 quae
544 3797 628 3878 apud
651 3797 796 3863 Ovidium
826 3798 987 3878 leguntur,
1017 3797 1098 3862 trist.
1115 3795 1140 3876 Ι,
1158 3798 1186 3877 2,
1205 3797 1281 3862 105:

154 3891 203 3962 ‘Si
225 3898 285 3964 init
307 3898 358 3967 hic
380 3901 503 3966 animus
525 3902 625 3974 uobis,
648 3901 693 3966 ita
715 3902 843 3985 parcite,
867 3899 964 3966 Divi'.

242 4000 361 4068 Eodem
392 4002 456 4069 iere
485 4005 606 4069 ratione
634 4003 682 4067 ito
707 4005 838 4085 carptim
872 4001 1020 4085 usurpari
1055 4001 1180 4069 uidetur
1210 4007 1282 4084 post

157 4105 321 4170 enuntiata
343 4105 458 4190 quibus
481 4116 518 4168 ut
539 4106 757 4172 correlativum
780 4105 951 4188 praefixum
973 4112 1037 4185 est,
1067 4106 1207 4171 velutin
1231 4123 1280 4169 vv.

156 4206 238 4272 Rud.
257 4206 352 4271 1104:
382 4203 505 4273 ‘Hasce
527 4209 645 4285 ambas,
673 4217 709 4275 ut
731 4209 849 4275 dudum
879 4210 957 4290 dixi,
987 4211 1032 4275 ita
1060 4227 1128 4275 esse
1156 4211 1281 4291 oportet
