2888 4770
659 322 859 419 Q..

196 526 292 592 verbo
315 527 360 592 ita
383 526 528 606 coniungi
550 526 633 605 vult,
664 530 699 590 ut
721 525 775 590 illa
797 523 942 607 gradatio
964 543 1045 607 quae
1067 525 1099 589 in
1121 524 1224 590 verbis
1246 523 1322 588 illu·

198 626 274 692 diris
297 620 409 712 mciv.
431 629 528 710 915),
558 626 700 712 decipior
730 630 771 709 (v.
794 628 898 709 927),,
915 626 1032 690 incitor
1059 627 1135 692 insit
1161 627 1259 693 oculis
1289 632 1323 692 et

197 731 326 795 auribus
349 729 550 812 significetur.
583 729 645 795 Sed
669 730 795 814 errarit.
830 729 993 795 Eiusmodi
1009 731 1226 812 gradationem
1241 726 1322 793 adeo

198 831 298 897 solum
321 831 458 914 positum
488 851 640 913 nusquam
670 835 752 914 apud
781 835 899 915 priscos
930 832 1055 911 quidem
1086 833 1253 912 scriptores
1276 832 1322 896 in-

143 992 145 996 .
198 936 289 1002 dicat.
323 936 413 1014 Quod
437 936 463 1001 si
486 938 582 1002 verba
603 935 659 1001 illa
680 935 714 1031 in
737 938 846 1001 eodem
869 936 1084 1001 invenirentur
1103 953 1205 1011 versu,
1227 941 1323 1014 poeta

197 1036 330 1104 fortasse
347 1034 458 1118 ‘atque
480 1040 559 1105 adeo
581 1037 708 1104 inritor’
734 1041 782 1105 vel
800 1035 926 1104 ‘inritor
950 1037 1044 1104 adeo'
1078 1037 1130 1121 (cs.
1154 1037 1248 1104 Mero.
1266 1037 1323 1120 60)

197 1140 335 1207 scribere
357 1149 491 1224 poterat,
515 1141 569 1206 sed
593 1162 632 1206 ne
654 1148 721 1206 tum
744 1142 869 1221 quidem
887 1139 984 1207 ‘adeo
1007 1138 1145 1206 inritor’.

284 1243 353 1310 Huc
381 1245 518 1325 pertinet
544 1245 638 1309 etiam
666 1243 820 1326 Amphitr.
843 1265 871 1310 v.
897 1245 974 1322 169,
1002 1245 1029 1308 si
1051 1242 1178 1324 Bergkii
1208 1243 1322 1325 (Beitr.

198 1367 225 1410 z.
248 1345 303 1411 lat.
320 1345 374 1410 Gr.
391 1343 416 1421 1,
439 1366 467 1428 p.
486 1346 536 1411 68.
571 1345 608 1411 cf.
630 1346 761 1428 Ussing)
784 1348 994 1413 coniecturum
1018 1345 1243 1428 amplectimur,
1266 1347 1324 1428 qui

198 1448 339 1529 scripsit:
369 1445 525 1513 ‘Adsiduo
556 1450 633 1513 satis
659 1467 815 1530 superque
844 1455 893 1515 est
923 1449 1006 1532 quod
1040 1449 1122 1513 facto
1151 1452 1207 1512 aut
1237 1447 1322 1512 dicto

198 1551 308 1616 adeost
330 1569 408 1632 opus
431 1550 557 1633 quietus
580 1569 619 1615 ue
641 1549 699 1616 sis'
724 1551 844 1634 (codd.:
873 1547 970 1616 ‘dicto
993 1551 1083 1616 adest
1112 1547 1217 1631 opus'.
1263 1549 1348 1614 Pa.

199 1671 271 1718 reus
294 1658 326 1718 et
348 1652 490 1734 Langen:
515 1649 633 1718 ‘dictod
657 1657 705 1718 est
728 1651 851 1735 opus').

284 1755 387 1821 Semel
411 1767 467 1818 aot
490 1753 567 1818 odeo
590 1757 678 1820 iuxta
700 1756 803 1837 posita
826 1755 1035 1834 inveniuntur,
1059 1751 1279 1821 Manuaria:

200 1909 318 1983 Quaeso,
339 1909 406 1982 quid
428 1908 497 1969 mihi
518 1911 658 1968 tocumst?
684 1910 757 1968 undo
777 1911 826 1968 aut
846 1909 909 1983 quis
929 1911 960 1967 tu
981 1909 1105 1967 homo's?
1133 1907 1246 1981 [sanan]
1267 1905 1324 1965 tibi

201 2003 293 2073 [Mens
314 2005 368 2076 est]
389 2005 438 2061 aut
457 2003 526 2063 adeo
547 2005 606 2076 isti,
628 2021 699 2077 quae
721 2005 867 2064 molestast
887 2005 956 2063 mihi
976 2020 1088 2078 quoquo
1110 2003 1209 2062 modo?

286 2147 348 2212 Sed
370 2166 440 2212 cum
463 2149 560 2214 verba
582 2167 691 2213 manca
713 2148 831 2214 tradita
853 2154 1005 2230 appareat
1028 2153 1060 2214 et
1081 2149 1139 2212 hoc
1167 2146 1234 2214 loco
1258 2149 1326 2214 solo

201 2259 258 2312 aut
281 2247 360 2314 adeo
382 2252 469 2315 iuxta
491 2251 594 2332 posita
609 2251 771 2331 tegantur,
795 2251 879 2315 haud
895 2252 960 2315 scio
976 2270 1015 2315 au
1032 2255 1172 2331 praestet
1187 2250 1326 2315 scribere

201 2353 334 2416 servatis
361 2372 442 2434 quae
466 2353 654 2420 Ritschelius
685 2353 842 2435 supplevit
873 2353 1046 2418 vocabulis:
1083 2352 1171 2418 Mens
1199 2359 1247 2418 est
1269 2359 1327 2417 aut

199 2453 254 2518 isti
277 2455 356 2520 adeo
378 2473 459 2535 quae
482 2463 540 2522 etc.

287 2557 406 2621 Eadem
429 2564 524 2638 atque
546 2559 685 2625 locorum
708 2577 786 2639 quos
809 2560 933 2640 laudavi
956 2560 1036 2624 ratio
1059 2557 1184 2624 videtur
1206 2576 1327 2638 eorum,

201 2660 232 2723 in
256 2660 369 2741 quibus
392 2681 489 2744 neque
512 2659 590 2723 odeo
613 2662 762 2744 leguntur
784 2661 970 2744 interposito
999 2681 1035 2727 eo
1062 2658 1231 2738 vocabulo,
1261 2676 1325 2742 quo

202 2762 328 2843 gravius
352 2766 541 2826 momentum
565 2762 751 2826 continetur.

289 2863 374 2926 Asin.
396 2861 458 2924 762
471 2880 533 2943 sq:
562 2857 627 2926 ‘Ne
654 2861 787 2942 epistola
814 2862 939 2943 quidem
968 2860 1033 2927 ulla
1062 2863 1105 2927 sit
1134 2863 1167 2927 in
1195 2863 1327 2929 aedibus

201 2982 258 3029 nec
286 2970 391 3029 cerata
420 2964 499 3030 adeo
529 2963 665 3029 tabulo'.
709 2964 802 3030 Poen.
821 2966 874 3044 lv,
898 2966 927 3044 2,
952 2965 1007 3029 38:
1039 2957 1120 3030 ‘Nec
1143 2971 1175 3030 te
1197 2984 1254 3030 nec
1276 2984 1328 3032 me

202 3102 242 3114 -
264 3085 365 3147 neque
387 3067 497 3131 herum
521 3085 623 3131 meum
646 3066 751 3132 adeo'.

287 3167 323 3232 In
346 3187 395 3232 vv.
418 3167 502 3234 Men.
519 3170 595 3233 296:

412 3306 473 3379 Ego
493 3304 522 3365 te
542 3323 598 3365 non
618 3307 684 3366 novi
704 3305 795 3379 neque
815 3305 927 3366 novisse
947 3306 1017 3366 adeo
1038 3307 1108 3375 volo,

202 3438 234 3499 et
256 3433 332 3498 Hoc.
348 3433 440 3497 866:
479 3427 482 3433 ’

202 3569 255 3628 Dic
269 3569 318 3639 mi,
337 3569 435 3629 harum
453 3586 545 3630 rerum
560 3569 694 3643 numquid
710 3571 780 3630 dixti
795 3588 855 3631 meo
869 3572 964 3646 patri?
976 3582 988 3648 η
1000 3573 1049 3631 Nil
1060 3571 1072 3640 ΙΙ
1084 3574 1183 3646 Neque
1198 3591 1268 3648 opus
1283 3576 1328 3633 est

202 3663 281 3724 Adeo
301 3664 423 3737 muttito,

201 3799 234 3864 in
257 3800 371 3880 quibus
392 3800 505 3883 plenae
527 3802 608 3866 duae
631 3800 836 3868 conectuntur
859 3803 1049 3883 sententiae,
1080 3823 1141 3871 nou
1171 3803 1325 3869 enuntiat·

96 3920 99 3928 ·
203 3903 343 3968 eiusdem
370 3905 526 3983 membra,
557 3904 712 3969 constanti
743 3904 795 3971 illo
824 3923 884 3970 usu
911 3913 1069 3988 respecto,
1101 3925 1205 3989 equo
1231 3909 1327 3989 prisci

203 4005 373 4087 scriptores
408 4027 466 4088 que
492 4040 534 4054 -
563 4005 641 4070 adeo
674 4027 735 4073 non
766 4008 979 4075 adhibuerunt
1012 4009 1073 4075 nisi
1103 4009 1253 4075 vocabulo
1282 4010 1327 4075 in·

204 4107 367 4190 terposito‚
383 4108 521 4174 scribere
537 4108 658 4174 malim:
683 4107 810 4191 ‘Neque
825 4113 903 4176 adeo
919 4114 1042 4177 novisse
1059 4109 1143 4177 volo’
1161 4112 1213 4194 (cf.
1230 4113 1326 4178 Poen.
