2888 4770
713 278 754 343 55

175 477 353 548 Posteriore
377 482 500 547 demum
524 487 630 550 aetate
652 481 769 550 factum
792 488 841 548 cst
864 489 899 549 ut
914 483 1010 549 verbu
1030 483 1078 546 ito
1100 504 1161 546 non
1184 481 1215 548 in
1238 481 1300 549 for·

175 582 291 647 mulam
313 584 445 653 abirent.

602 737 699 798 Andr.
714 735 787 798 804.
802 735 874 797 806.

279 863 351 933 Quid
373 869 441 924 vos?
467 882 522 938 quo
542 867 626 938 pacto
647 864 713 924 bio?
738 865 829 925 satine
851 866 972 938 reatuin
985 867 1102 926 Nosne?
1128 867 1183 927 sic:

282 959 322 1017 Ut
341 959 460 1033 quimus,
481 959 570 1032 aiunt,
591 959 701 1032 quando
722 960 754 1018 ut
773 959 903 1018 volumus
924 977 978 1018 non
999 959 1074 1020 licet.

144 1086 147 1090 ’
261 1085 349 1162 Quod
372 1087 398 1150 si
422 1093 505 1152 recte
521 1087 598 1151 baec
613 1085 771 1169 leguntur,
795 1092 867 1168 post
885 1087 932 1149 sic
947 1088 1188 1170 interpungatur
1210 1108 1298 1169 opor·

172 1194 228 1268 tet,
251 1189 295 1253 ita
317 1194 353 1253 ut
375 1189 422 1253 cic
444 1187 577 1254 ‘nudum
601 1190 655 1267 sit,
687 1195 719 1254 et
741 1188 783 1254 sit
805 1187 991 1268 significatio
1013 1190 1173 1271 languoris
1196 1192 1299 1257 cuius-

171 1291 243 1355 dam
268 1297 299 1354 et
320 1288 527 1356 lentitudinis’
561 1290 756 1372 (Donatusll.
801 1288 856 1354 Sic
885 1291 929 1356 ita
955 1290 1226 1373 interpretandum
1249 1298 1298 1359 est

171 1400 206 1458 ut
221 1391 320 1476 Mysis
343 1411 412 1458 cum
435 1395 583 1475 loquatur
605 1395 688 1458 clare
712 1392 832 1459 oscitet.

255 1493 383 1561 Modum
413 1513 505 1577 quem
543 1497 590 1558 sic
617 1493 772 1576 significat
799 1502 891 1576 gestu
920 1496 1055 1577 quodam
1083 1496 1222 1578 corporis
1250 1497 1297 1561 vel

170 1603 258 1661 motu
290 1596 442 1663 illustrari
472 1599 585 1663 erbis
614 1599 667 1680 qui
698 1599 782 1680 apud
816 1599 975 1663 scaenicos
1009 1604 1118 1677 poetas
1149 1598 1298 1679 leguntur

168 1700 247 1765 locis
270 1699 414 1782 colligas:

232 1801 288 1868 Ph.
308 1804 381 1868 145:
412 1803 493 1881 Quid
519 1803 564 1868 rei
586 1802 714 1886 geritlil
738 1802 803 1882 Sic,
834 1803 971 1868 tenuiter
1001 1803 1084 1887 (vide
1106 1800 1264 1867 Donatum
1274 1801 1295 1883 l)

234 1905 314 1969 Eun.
332 1906 410 1970 595:
435 1903 607 1969 Ventulum
629 1904 701 1970 huic
717 1905 881 1969 sicfaoito.
915 1904 1009 1986 Turp.
1033 1903 1070 1968 fr.
1095 1923 1120 1969 c.
1139 1903 1194 1966 69:
1218 1902 1296 1967 Cur·

232 2009 364 2073 rendum
388 2007 433 2072 sic
456 2013 514 2072 est.
561 2006 647 2072 Asin.
666 2008 726 2071 796
737 2024 798 2089 sq.:
834 2007 923 2085 Quod
951 2005 1007 2072 illa
1035 2013 1141 2072 autem
1169 2005 1295 2071 simulet

234 2113 325 2193 quasi
348 2108 485 2192 gravedo
513 2107 663 2191 profluat,
694 2109 752 2174 boc
783 2128 821 2173 ne
851 2109 895 2175 sio
918 2107 1021 2174 iaciat.
1067 2109 1133 2173 Liv.
1157 2108 1193 2173 fr.
1216 2127 1241 2174 c.
1258 2107 1293 2171 3:

232 2213 359 2277 Corruit
381 2211 471 2293 quasi
494 2210 576 2278 ictus
592 2229 740 2276 scena-
758 2209 882 2277 Sicine?
904 2247 945 2257 —
968 2208 1061 2276 Haud
1078 2208 1176 2275 multo
1193 2228 1292 2276 secus.

235 2313 285 2377 Ps.
303 2312 374 2376 629.
392 2311 469 2376 63οε
502 2314 581 2376 Dum
606 2318 637 2376 te
660 2316 815 2390 strenuas,
843 2327 893 2376 res
916 2311 976 2375 erit
997 2311 1100 2377 soluta
1115 2313 1129 2394 ΙΙ
1146 2309 1292 2377 Vinctam

231 2414 336 2496 potius
359 2416 403 2479 sic
426 2431 592 2479 servavero
616 2409 758 2493 (Harpax
773 2430 877 2493 pugno
893 2409 975 2478 iacto
990 2413 1154 2492 pecuniam
1175 2413 1293 2494 optime

231 2536 265 2582 se
294 2521 493 2582 servaturum
523 2514 684 2596 declarat).
729 2513 784 2577 Pb.
802 2512 873 2577 210.
890 2514 969 2576 211:
999 2513 1125 2579 Vultum
1155 2518 1293 2579 contem·

229 2618 372 2702 plamini:
397 2637 456 2697 em,
478 2618 579 2683 satine
595 2617 639 2683 sic
657 2614 732 2698 est?
753 2616 767 2698 ll
788 2615 858 2681 Non
872 2615 886 2697 ΙΙ
902 2615 984 2692 Quid
1007 2617 1034 2680 si
1056 2615 1124 2682 sic?
1144 2616 1158 2698 ΙΙ
1177 2606 1293 2699 Prope

230 2721 356 2788 modum
371 2721 385 2804 Η
402 2719 483 2799 Quid
506 2718 574 2784 sic?
590 2718 602 2800 ll
618 2717 674 2782 Sat
696 2727 759 2783 est:
788 2736 837 2784 em
859 2719 941 2783 istuc
964 2735 1064 2782 serva.
1102 2718 1198 2782 Haut.
1217 2717 1289 2780 676.

232 2825 308 2889 677;
332 2824 414 2902 Quid
431 2825 458 2888 si
473 2823 531 2888 hoc
547 2840 630 2887 nunc
645 2824 689 2886 sic
712 2821 881 2903 incipiam?
910 2820 995 2884 Nihil
1018 2827 1075 2885 est.
1110 2821 1201 2900 Quid,
1224 2819 1292 2887 sic?
1417 2862 1420 2867 -

233 2927 430 2992 Tantundem
446 2942 548 3005 egero.
584 2922 626 2989 At
642 2925 686 2987 sic
701 2924 821 3005 opinor.
856 2923 926 2988 Non
938 2929 1060 3005 postest
1075 2922 1126 3006 (cf.
1143 2942 1191 2988 vv.
1205 2923 1289 2988 Trin.

231 3029 349 3112 233sq.
375 3028 461 3094 Asin.
477 3027 617 3110 453sq.).

273 3129 447 3210 Singularis
469 3129 643 3211 particulae
665 3146 741 3193 usus
764 3135 813 3193 est
835 3129 957 3194 duobus
978 3126 1071 3192 locis:
1101 3127 1196 3192 Andr.
1215 3129 1290 3195 175:
1377 3176 1382 3183 -

231 3233 369 3298 Mirabar
397 3232 455 3297 boc
482 3231 509 3295 si
539 3231 585 3296 sic
614 3230 727 3295 abiret.
772 3231 830 3294 Ad.
853 3230 931 3293 454:
966 3228 1034 3293 Nisi
1062 3228 1177 3294 facient
1209 3247 1290 3312 quae

229 3333 299 3398 illos
322 3339 494 3419 aequomst,
518 3332 603 3397 baud
625 3333 670 3397 sic
692 3331 844 3398 auferent.

271 3435 501 3516 Nonnunquam
525 3435 668 3518 sicquid
691 3434 750 3500 sibi
774 3433 848 3499 velit
870 3432 975 3499 verbis
998 3434 1201 3515 sequentibus
1224 3452 1290 3501 cer·

229 3539 292 3603 tius
315 3537 592 3605 circumscribitur.

92 3692 106 3728 ⁸.
272 3640 351 3705 Rud.
370 3640 469 3705 1274:
498 3638 588 3718 Quid,
611 3638 639 3704 si
661 3637 808 3704 curram?
825 3675 865 3684 -
888 3656 928 3703 an
951 3640 996 3703 sic
1018 3639 1122 3719 potius
1145 3636 1289 3719 placide?

229 3740 302 3807 Pac.
330 3741 368 3808 fr.
392 3749 431 3806 tr.
448 3741 527 3805 272:
552 3740 603 3807 Sic
625 3738 803 3823 trepidante
825 3738 927 3821 gradu
950 3740 1071 3804 nititur.
1114 3738 1195 3803 llun.
1212 3738 1287 3804 602:

231 3845 298 3926 Ego
321 3841 403 3908 limis
426 3848 533 3924 specto
556 3844 600 3908 sic
619 3861 676 3924 per
689 3839 846 3907 flabellum
863 3840 1046 3907 clanculum.
1080 3840 1193 3906 Bacch.
1211 3841 1289 3906 675:

230 3946 311 4025 Quid
334 3945 379 4011 sic
402 3945 460 4011 boc
487 3943 627 4027 digitulis
655 3944 778 4034 duobus
808 3945 954 4011 sumebas
984 3941 1163 4025 prioribus?
1196 3940 1287 4007 Gneo.

229 4047 266 4112 ir.
290 4066 316 4112 c.
334 4048 373 4109 67
384 4065 391 4112 :
415 4045 466 4112 Sic
481 4045 651 4130 quassante
666 4045 770 4128 capite
791 4049 897 4112 tristes
920 4045 1077 4113 incedunt.
1111 4046 1193 4111 Men.
1211 4046 1287 4110 657:
