2888 4770
711 304 753 368 20

600 541 666 602 cas.
681 541 726 615 11,
740 539 768 615 r,
784 539 813 600 e.
830 537 857 599 r.

330 675 422 747 Atque
442 674 471 733 id
492 690 546 734 nou
567 676 624 733 tam
644 688 728 747 aegre
749 673 792 731 est
811 670 866 729 ium
887 668 990 729 vicisse
1010 668 1134 727 villicum

328 769 417 837 Quam
436 767 466 826 id
486 766 657 842 expetivisse
678 781 761 841 opere
781 767 837 824 tum
858 780 959 838 magno
979 777 1086 830 senem,

326 862 371 921 Ne
391 862 443 922 etc.

168 970 240 1034 Non
270 982 333 1032 tam
355 1007 397 1018 —
420 993 528 1056 quam,
559 972 642 1051 quod
665 989 721 1036 nos
742 969 908 1034 vertimus:
934 965 1021 1029 aa'cht
1042 963 1157 1030 eowohl
1176 1000 1217 1012 -
1240 962 1290 1026 ale

167 1071 325 1148 vielmehr,
349 1073 498 1153 leguntur
513 1074 606 1139 etiam
631 1075 660 1138 in
683 1093 730 1137 vr.
752 1073 831 1137 Eun.
850 1071 926 1135 392:
950 1069 1021 1134 Non
1044 1074 1107 1133 tam
1130 1067 1198 1148 ipso
1221 1066 1289 1150 qui·

168 1173 238 1240 dem
261 1176 342 1240 douo
366 1173 462 1256 (laeta
484 1174 545 1258 est)
573 1194 668 1257 quom
691 1175 747 1240 abs
778 1179 810 1239 te
839 1173 946 1238 datum
980 1190 1064 1250 csse3
1097 1168 1194 1233 Haut.
1216 1167 1289 1246 686,

168 1274 281 1342 Pacuv.
297 1275 335 1341 fr.
352 1282 391 1342 tr.
407 1277 458 1341 38.
482 1276 520 1343 cf.
537 1277 617 1341 Rud.
634 1277 714 1342 943:
732 1271 813 1341 ‘Non
829 1275 939 1357 edepol
959 1272 1054 1355 piscis
1069 1277 1180 1352 expeto
1195 1287 1289 1350 quam

168 1377 214 1442 tui
236 1378 388 1442 sermonis
417 1397 486 1443 sum
514 1377 688 1459 indigens,
716 1377 771 1444 ubi
802 1389 865 1439 tam
895 1377 1044 1441 omissum
1067 1380 1125 1440 est.
1168 1373 1289 1451 Quibus

167 1479 243 1544 locis
265 1482 415 1562 respectis
439 1480 656 1561 corrigendum
679 1480 832 1560 estquod
855 1480 1034 1559 Draegerus
1057 1475 1164 1543 docuit
1193 1476 1288 1558 (Hist.

167 1580 284 1664 Syutax
300 1581 349 1646 ΙΙ1
370 1603 399 1665 p.
416 1584 507 1664 617):
536 1579 607 1648 ‘Die
623 1583 851 1664 Vergleichung
872 1600 933 1646 ron
948 1577 1190 1663 Eigeuschaftcu
1212 1579 1290 1644 oder

166 1682 384 1765 Thatigkeiten
408 1683 591 1765 ungleichen
615 1685 736 1750 Gradus
763 1682 923 1766 geschieht
951 1681 1049 1747 durch
1077 1699 1138 1745 nou
1160 1685 1224 1744 tam
1246 1716 1289 1727 —

166 1803 270 1866 quam,
293 1805 369 1852 was
390 1787 529 1868 jedoch
552 1793 636 1853 erst
657 1788 737 1852 scit
759 1785 902 1852 Cicero
925 1780 1118 1850 austritt'.
1140 1782 1177 1848 cf.
1196 1782 1286 1848 Luor.

166 1887 191 1966 1,
214 1887 287 1952 343.

252 1993 382 2059 Duobus
404 1994 480 2058 locis
509 1993 593 2073 apud
614 1992 777 2065 Plautum,
806 1990 859 2056 obi
887 1990 1024 2070 primum
1047 1985 1288 2067 comparationis

166 2096 338 2160 membrum
362 2102 503 2176 negatur,
531 2116 586 2177 pro
616 2093 779 2159 enuntiato
809 2092 993 2159 correlative
1021 2089 1163 2171 sequitur
1193 2107 1288 2153 euuu·

166 2195 277 2259 tiatum
301 2215 358 2277 por
379 2194 436 2258 sed
456 2198 620 2261 adnexum.

250 2297 334 2361 Triu.
352 2298 428 2363 688:
459 2299 537 2364 Nolo
568 2317 625 2379 ego
653 2297 729 2362 mihi
752 2302 784 2363 tc
810 2303 874 2362 tam
904 2294 1082 2378 prospicere
1110 2293 1163 2376 qui
1187 2312 1286 2358 meam

165 2402 337 2476 egestatem
360 2398 455 2477 leves,
479 2405 529 2464 set
550 2405 586 2463 ut
608 2399 698 2480 inops
720 2398 842 2463 infamis
865 2416 904 2463 ue
926 2398 993 2461 sim.

164 2532 222 2591 Mil.
242 2540 394 2594 ooo—853
417 2536 496 2595 Brix:

355 2647 416 2706 Hoc
436 2646 480 2706 illi
499 2647 597 2706 crebro
618 2647 711 2722 capite
731 2646 871 2704 sistebant
891 2643 954 2703 cadi
966 2651 978 2718 ΙΙ

355 2739 418 2796 Non
439 2738 533 2798 hercle
554 2741 611 2797 tem
632 2739 704 2797 istoc
725 2736 818 2797 valido
839 2738 990 2796 cessabant
1010 2736 1081 2807 cadi,

354 2832 408 2890 Sed
429 2832 457 2891 in
479 2832 551 2892 cella
571 2832 683 2905 paulum
704 2831 789 2891 loculi
810 2832 870 2892 orat
889 2830 975 2889 nimis
995 2830 1106 2890 lubrici.

162 2957 214 3021 Sic
235 2956 360 3024 Brixius
384 2978 539 3037 versuum,
563 2977 642 3041 quos
664 2958 851 3040 depravatos
874 2976 943 3024 esse
965 2978 1003 3023 ex
1024 2955 1120 3022 uariis
1144 2959 1284 3025 codicum

161 3057 327 3140 scripturis
350 3070 489 3144 apparet,
512 3062 675 3127 lectionem
691 3061 830 3126 restituit
854 3061 1020 3141 locumque
1043 3062 1283 3142 interpretatur:

157 3156 216 3224 ‘Ea
238 3163 276 3227 de
299 3181 395 3228 causa
424 3165 510 3248 (hoel
539 3163 577 3228 cf.
593 3163 645 3229 Ps.
662 3163 733 3227 807.
751 3162 826 3245 822)
857 3164 901 3227 illi
924 3164 993 3228 cadi
1015 3181 1059 3229 cr.
1082 3183 1107 3228 c.
1132 3183 1156 3228 s.
1176 3166 1190 3248 ΙΙ
1215 3165 1284 3249 Non

161 3264 265 3329 hercle
281 3272 343 3330 tam
360 3269 438 3334 istac
453 3269 492 3333 de
512 3288 607 3335 ceusu
630 3268 737 3352 (istocl
761 3267 837 3332 (list.
854 3266 878 3341 Ι,
897 3270 923 3346 1,
943 3264 1012 3328 120.
1036 3266 1127 3330 Truc.
1144 3264 1169 3344 Ι,
1186 3267 1215 3345 2,
1232 3266 1284 3331 50.

160 3363 201 3444 ΙΙ,
218 3368 247 3444 4,
265 3369 319 3450 22)
343 3389 371 3433 ν.
388 3391 412 3435 c.
430 3389 471 3449 c.‚
502 3390 596 3453 quam
620 3373 694 3452 quia
717 3372 747 3434 iu
770 3390 796 3435 c.
819 3391 848 3451 p.
873 3371 892 3433 l.
913 3390 939 3434 e.
960 3388 990 3432 u.
1011 3367 1059 3433 l.'.
1095 3369 1283 3434 Ritscholius

161 3486 245 3546 vero,
270 3470 499 3551 Fleckeiseuus‚
522 3471 693 3538 Loreuzius
717 3473 883 3554 praebent:

245 3573 351 3649 Hem,
376 3574 433 3639 ibi
457 3577 612 3653 crebro,
636 3577 773 3654 credo,
797 3577 900 3656 capite
923 3564 1076 3640 sistebar'rt
1099 3572 1282 3656 cadillNou

158 3672 261 3738 hercle
278 3679 341 3739 tam
365 3675 462 3741 istic
484 3677 548 3761 (bei
564 3678 620 3742 der
636 3677 816 3743 eruthntou
833 3675 1049 3758 Gelcgcuheit)
1064 3678 1166 3742 valide
1181 3695 1282 3743 cassa·

159 3774 235 3840 baut
257 3776 335 3842 cadi.
382 3778 437 3844 Set
459 3785 528 3844 erat
549 3780 580 3844 in
604 3779 682 3845 cella
703 3780 832 3860 paulum
854 3778 978 3844 loculi
1000 3778 1158 3845 lubrici.

245 3875 447 3946 Probaverim
470 3881 631 3946 lectionem
655 3897 749 3960 quam
774 3880 898 3946 Brixius
927 3880 1098 3955 coustituit,
1127 3899 1196 3946 cum
1220 3900 1281 3945 uon

158 3978 258 4044 solum
281 3981 443 4061 aptissime
465 3981 543 4049 fluat
565 3983 665 4048 oratio
687 3989 719 4048 et
741 3984 896 4049 sententia
925 3983 1041 4062 optimc
1069 3984 1282 4049 conformatur

158 4083 213 4148 sed
236 4083 332 4149 etiam
355 4086 496 4152 codicum
519 4087 675 4166 scriptura
698 4086 752 4167 qui
775 4087 807 4150 in
836 4105 864 4150 v.
881 4086 957 4150 851:
988 4083 1037 4149 lie
1065 4084 1209 4149 illecebra
1226 4085 1280 4168 (B)
