2888 4770
688 297 729 361 28

609 387 809 396 ——ss-

149 496 209 665 qu’
231 498 274 580 3).
312 499 414 665 1Ρέθη.
436 498 494 578 111,
518 501 547 582 3,
571 504 622 568 28.
653 503 706 585 IV,
730 505 759 583 2,
783 505 833 569 38.
863 503 975 569 Bacch.
998 505 1090 569 1209.
1121 503 1271 569 11987.

184 619 231 665 11.
255 621 332 682 pro.
372 604 399 666 1.

234 703 354 781 Quibus
376 704 451 771 locis
473 710 623 789 respectis
646 709 678 776 in
702 709 752 775 Ps.
776 730 804 776 v.
824 712 920 776 1118:

296 837 414 901 ‘Vtrum
435 843 483 903 nbi
503 843 529 903 is
549 845 605 905 ndn
625 847 705 907 venit
725 847 777 908 nec
799 847 983 922 [manentdm]
1004 843 1111 918 vocat',

146 966 311 1050 legendnm
335 971 568 1051 proposuerim:
595 969 711 1055 ‘neque
733 978 812 1042 adeo
835 975 884 1041 me
906 973 1025 1041 vocat'.

233 1071 375 1135 Eundem
398 1071 462 1137 fere
485 1091 610 1139 sensum
634 1082 729 1158 atque
752 1075 807 1141 ubi
830 1096 900 1142 cnm
924 1086 1017 1159 atquc
1032 1075 1185 1156 particula
1200 1092 1273 1140 con-

148 1173 288 1238 iunctum
311 1174 426 1254 legitur
450 1174 527 1240 odeo
550 1176 670 1242 efficere
692 1178 817 1243 videtur
846 1180 994 1244 vocabulo
1022 1176 1118 1243 alicui
1147 1183 1273 1260 postpo-

148 1275 259 1353 situm,
290 1278 315 1340 si
339 1279 495 1342 sententia
517 1279 616 1344 altera
639 1298 695 1361 per
717 1279 903 1361 particulam
925 1302 984 1364 quc
1012 1281 1052 1345 ad
1076 1283 1272 1352 enuntiatum

147 1377 272 1457 aliquod
295 1381 382 1459 prius
411 1381 597 1447 adnectitur.
641 1382 750 1462 Neque
778 1388 883 1449 tamen
913 1389 1027 1464 putare
1053 1382 1127 1448 licet
1152 1383 1272 1462 priscos

148 1481 318 1559 scriptores
340 1483 371 1545 in
395 1485 565 1550 enuntiatis
588 1487 787 1552 conserendis
811 1486 901 1551 modo
923 1485 982 1550 hac
1003 1486 1095 1550 modo
1116 1484 1180 1564 illa,
1202 1503 1274 1565 pro·

149 1591 359 1664 utquomque
382 1585 479 1650 libido
502 1585 607 1665 ferret,
631 1587 769 1652 dictione
792 1606 865 1654 usos
888 1606 966 1652 esse.
1011 1587 1097 1652 Haec
1120 1587 1201 1652 enim
1223 1588 1273 1651 lex

148 1686 316 1752 statuenda
338 1687 475 1753 videtur:
510 1687 570 1754 Per
592 1701 685 1775 atque
708 1688 787 1752 odeo
810 1708 870 1754 non
885 1691 985 1755 solum
1001 1690 1176 1755 sententiae
1192 1708 1273 1771 qnae

45 1803 47 1806 ⁴
149 1807 186 1852 ex
209 1808 271 1854 uno
294 1792 386 1856 modo
410 1794 559 1859 vocabulo
582 1800 728 1859 constant
749 1795 818 1858 aliis
841 1793 1067 1871 adnectuntur,
1098 1795 1154 1858 sed
1177 1796 1272 1859 etiam

149 1891 259 1973 plenae
282 1894 511 1958 enuntiationes
533 1909 629 1972 quae,
653 1894 735 1973 quod
759 1895 798 1958 ad
822 1899 1015 1957 structuram
1038 1893 1272 1958 enuntiatorum

149 1994 272 2073 attinet,
296 1993 389 2060 aliam
405 1995 522 2059 habent
537 2000 632 2075 atque
648 2013 685 2060 aa
699 2014 781 2078 quae
797 1995 1003 2076 praecedunt;
1025 1996 1107 2077 quod
1124 1996 1152 2059 si
1167 2000 1272 2060 autem

150 2116 272 2178 que-
294 2095 372 2162 adeo
394 2097 552 2163 vocabulis
576 2104 709 2162 utuntur
732 2097 920 2180 scriptores,
950 2117 1011 2163 non
1039 2097 1140 2164 solum
1163 2098 1273 2163 eadem

150 2201 380 2266 constructione
401 2220 532 2283 pergere
554 2202 727 2267 orationem
748 2207 880 2283 oportet,
905 2201 1070 2266 sedetiam
1086 2199 1273 2265 sententiam

149 2319 232 2384 quae
258 2303 386 2368 additur
415 2323 452 2368 ex
480 2322 540 2368 uno
569 2302 661 2368 modo
691 2300 843 2368 vocabulo
865 2301 915 2366 vel
942 2301 1064 2367 duobus
1092 2319 1174 2384 quac
1196 2301 1275 2366 inte-

149 2404 232 2470 riore
260 2406 396 2485 quodam
426 2426 507 2472 nexu
539 2405 695 2472 artissime
723 2406 911 2471 cohaereant
941 2410 973 2470 et
998 2404 1030 2469 in
1060 2421 1156 2468 unum
1182 2403 1273 2482 quasi

150 2515 260 2572 coeant
283 2515 435 2574 constare.

235 2608 280 2675 St.
295 2614 352 2677 11:
381 2610 512 2677 Crucior
533 2617 655 2692 patrem
678 2628 843 2691 meumque
865 2610 944 2675 adeo
967 2608 1100 2693 improbi
1127 2607 1186 2671 viri
1208 2605 1274 2672 offi-

150 2712 196 2777 cio
219 2715 275 2778 uti.
319 2715 358 2779 N.
375 2715 405 2778 d.
429 2717 491 2780 und
516 2715 596 2779 noch
619 2714 707 2778 mehr
730 2713 859 2797 (sogor),
882 2714 955 2778 dass
978 2732 1013 2778 er
1036 2712 1091 2778 der
1113 2711 1194 2775 auch
1216 2711 1275 2775 der

151 2816 283 2896 meinige
306 2817 355 2880 ist.
400 2818 482 2883 Eun.
497 2816 574 2880 303:
608 2817 652 2882 Ut
679 2816 765 2880 illum
789 2816 820 2879 di
845 2851 883 2862 -—
907 2815 1028 2880 senium
1057 2817 1190 2897 perdant
1219 2817 1274 2899 qui

149 2917 242 2982 hodie
260 2937 309 2983 me
324 2926 499 2984 remoratus
516 2925 564 2984 est
579 2938 690 3001 meque
705 2920 784 2984 adeo
801 2919 855 3000 qui
870 2920 1050 2983 restiterim.
1086 2920 1164 2983 Rud.
1179 2919 1273 2982 1167.

151 3023 202 3086 Ρ1.
220 3022 297 3086 184;
328 3023 374 3088 Eo
397 3041 451 3088 vos
474 3029 658 3102 vostrosque
681 3021 760 3087 adeo
789 3022 928 3103 pantices
956 3019 1150 3086 madefacitis
1179 3037 1273 3100 quom

151 3142 209 3206 ego
231 3125 290 3189 sim
313 3125 363 3190 hic
386 3126 496 3190 siccus.
542 3127 625 3191 Men.
642 3127 713 3190 597.
738 3125 817 3189 Rud.
836 3124 912 3188 103:
946 3122 1042 3189 Pater
1063 3122 1182 3188 salveto
1207 3123 1271 3204 [tn]

150 3230 306 3311 amboque
335 3229 423 3293 adeo.
468 3228 552 3294 Sext.
576 3229 671 3310 Turp.
695 3227 733 3292 fr.
757 3248 782 3293 c.
800 3226 876 3292 118:
909 3225 952 3291 Te
976 3224 1086 3306 Apollo
1108 3260 1151 3271 -
1178 3232 1273 3306 teque

150 3331 296 3412 Neptune
318 3330 427 3397 invoco
450 3350 567 3413 vosque
582 3330 670 3410 adeo,
693 3330 792 3396 venti!
822 3331 864 3394 id.
881 3327 919 3393 fr.
936 3347 961 3394 c.
981 3328 1050 3391 160.
1076 3328 1153 3394 161:
1188 3325 1274 3390 Sem·

150 3453 206 3514 per
228 3434 350 3498 studuit
369 3434 500 3513 perdere
523 3434 670 3514 detegere
693 3430 866 3512 despoliare
881 3431 1070 3513 opplereque
1086 3431 1164 3494 adeo
1180 3427 1272 3493 fama.

151 3534 231 3598 Eun.
248 3541 287 3599 tr.
311 3534 378 3599 rell.
395 3534 467 3599 321.
481 3533 519 3598 V.
543 3536 648 3618 (Ribb.
671 3534 708 3599 fr.
732 3541 771 3599 tr.
789 3533 881 3616 230:
910 3531 1052 3613 Iuppiter
1074 3536 1172 3613 tuque
1193 3531 1273 3596 adeo

151 3655 271 3702 summe
294 3635 346 3704 801
368 3639 423 3719 qui
446 3675 487 3685 —
510 3638 627 3721 inspice
649 3637 707 3703 hoc
729 3624 860 3703 facinus.
898 3635 995 3701 Haut.
1012 3633 1084 3699 386.
1106 3631 1183 3698 Hec.
1199 3632 1272 3698 848.

238 3739 325 3806 Pers.
349 3759 376 3804 v.
393 3741 455 3805 389
469 3759 525 3822 sq,
548 3741 603 3805 nbi
625 3741 746 3806 codices
769 3738 932 3803 exhibent:

324 3878 401 3948 Quae
423 3894 467 3936 res
487 3879 558 3938 bene
579 3879 672 3938 vortat
691 3877 730 3936 mi
750 3879 780 3936 11
798 3875 852 3935 tihi
872 3876 901 3934 et
920 3871 1013 3933 ventri
1032 3887 1093 3932 meo

326 3969 572 4043 Perennitatisque
592 3969 662 4028 adeo
682 3968 749 4028 hnic
768 3969 904 4044 perpetuo
924 3965 997 4036 cibo,

152 4096 351 4175 Ritschelius‚
374 4097 448 4181 qnia
464 4113 595 4178 eaquae
611 4095 760 4178 leguntur
774 4085 977 4160 insolentiora
992 4110 1061 4159 esse
1077 4091 1274 4173 videbantur,
